@article{alivisatos1996,
  title={Semiconductor clusters, nanocrystals, and quantum dots},
  author={Alivisatos, A Paul},
  journal={science},
  volume={271},
  number={5251},
  pages={933--937},
  year={1996},
  publisher={American Association for the Advancement of Science}
}

@article{ocallaco2018,
  title={Collective capacitive and memristive responses in random nanowire networks: emergence of critical connectivity pathways},
  author={O'Callaghan, C. and Rocha, C. G. and Manning, H. G. and Niosi, F. and Boland, J. J. and Ferreira, M. S.},
  journal={Journal of Applied Physics},
  year={Accepted for Publication},
}

@article{okelly2016,
  title={Associative enhancement of time correlated response to heterogeneous stimuli in a neuromorphic nanowire device},
  author={O'Kelly, Curtis J and Fairfield, Jessamyn A and McCloskey, David and Manning, Hugh G and Donegan, John F and Boland, John J},
  journal={Advanced Electronic Materials},
  volume={2},
  number={6},
  pages={1500458},
  year={2016},
  publisher={Wiley Online Library}
}


@article{bobinger2017,
  title={Infrared, transient thermal, and electrical properties of silver nanowire thin films for transparent heaters and energy-efficient coatings},
  author={Bobinger, Marco and Angeli, Diego and Colasanti, Simone and La Torraca, Paolo and Larcher, Luca and Lugli, Paolo},
  journal={physica status solidi (a)},
  volume={214},
  number={1},
  pages={1600466},
  year={2017},
  publisher={Wiley Online Library}
}

@article{hansen2015,
  title={A double barrier memristive device},
  author={Hansen, Mirko and Ziegler, Martin and Kolberg, Lucas and Soni, Rohit and Dirkmann, Sven and Mussenbrock, Thomas and Kohlstedt, Hermann},
  journal={Scientific reports},
  volume={5},
  pages={13753},
  year={2015},
  publisher={Nature Publishing Group}
}


@article{la2017,
  title={Physical modeling and characterization of thermo-acoustic loudspeakers made of silver nano-wire films},
  author={La Torraca, P and Larcher, L and Bobinger, M and Pavan, P and Seeber, B and Lugli, P},
  journal={Journal of Applied Physics},
  volume={121},
  number={21},
  pages={214502},
  year={2017},
  publisher={AIP Publishing}
}

@article{novoselov2004,
  title={Electric field effect in atomically thin carbon films},
  author={Novoselov, Kostya S and Geim, Andre K and Morozov, Sergei V and Jiang, DA and Zhang, Y\_ and Dubonos, Sergey V and Grigorieva, Irina V and Firsov, Alexandr A},
  journal={science},
  volume={306},
  number={5696},
  pages={666--669},
  year={2004},
  publisher={American Association for the Advancement of Science}
}

@article{mak2010,
  title={Atomically thin MoS 2: a new direct-gap semiconductor},
  author={Mak, Kin Fai and Lee, Changgu and Hone, James and Shan, Jie and Heinz, Tony F},
  journal={Physical review letters},
  volume={105},
  number={13},
  pages={136805},
  year={2010},
  publisher={APS}
}

@article{indiveri2013,
author = {Indiveri, Giacomo and Linares-Barranco, Bernab\'{e} and Legenstein, Robert and Deligeorgis, George and Prodromakis,Themistoklis},
title = {Integration of nanoscale memristor synapses in neuromorphic computing architectures},
journal = {Nanotechnology},
volume = {24},
pages = {384010},
year = {2013},
}

@article{wu2002,
  title={Inorganic semiconductor nanowires: rational growth, assembly, and novel properties},
  author={Wu, Yiying and Yan, Haoquan and Huang, Michael and Messer, Benjamin and Song, Jae Hee and Yang, Peidong},
  journal={Chemistry--A European Journal},
  volume={8},
  number={6},
  pages={1260--1268},
  year={2002},
  publisher={Wiley Online Library}
}

@book{vago1985,
  title={Graph theory: application to the calculation of electrical networks},
  author={V{\'a}g{\'o}, Istv{\'a}n},
  volume={15},
  year={1985},
  publisher={Elsevier Publishing Company}
}


@article{rathmell2010,
  title={The growth mechanism of copper nanowires and their properties in flexible, transparent conducting films},
  author={Rathmell, Aaron R and Bergin, Stephen M and Hua, Yi-Lei and Li, Zhi-Yuan and Wiley, Benjamin J},
  journal={Advanced materials},
  volume={22},
  number={32},
  pages={3558--3563},
  year={2010},
  publisher={Wiley Online Library}
}

@article{chen2013,
  title={Mechanically strong, optically transparent, giant metal superlattice nanomembranes from ultrathin gold nanowires},
  author={Chen, Yi and Ouyang, Zi and Gu, Min and Cheng, Wenlong},
  journal={Advanced Materials},
  volume={25},
  number={1},
  pages={80--85},
  year={2013},
  publisher={Wiley Online Library}
}


@article{strogatz2001,
author = {S. H. Strogatz},
title  = {Exploring complex networks},
journal  = {Nature},
volume  = {410},
pages  = {268},
year  = {2001},
}

@article{newman2003,
author = {M. E. J. Newman},
title  = {The structure and function of complex networks},
journal  = {SIAM Rev.},
volume  = {45},
pages  = {167},
year  = {2003},
}

@article{west2015,
author = {West, B. J. and Turalska, M. and Grigolini, P.},
title  = {Fractional calculus ties the microscopic and macroscopic scales of complex network dynamics},
journal  = {New Journal of Physics},
volume  = {17},
pages  = {045009},
year  = {2015},
}

@article{watts1999_2,
  title={Networks, dynamics, and the small-world phenomenon},
  author={Watts, Duncan J},
  journal={American Journal of sociology},
  volume={105},
  number={2},
  pages={493--527},
  year={1999},
  publisher={The University of Chicago Press}
}

@article{ainsworth2018,
  title={Interdependence of Resistance and Optical Transmission in Conductive Nanowire Networks},
  author={Ainsworth, Catherine A and Derby, Brian and Sampson, William W},
  journal={Advanced Theory and Simulations},
  volume={1},
  number={2},
  pages={1700011},
  year={2018},
  publisher={Wiley Online Library}
}


@article{holland2006,
author = {J. H. Holland},
title  = {Studying complex adaptive systems},
journal  = {Jrl. Syst. Sci. \& Complexity},
volume  = {19},
pages  = {1-8},
year  = {2006},
}

@article{yen1970,
  title={An algorithm for finding shortest routes from all source nodes to a given destination in general networks},
  author={Yen, Jin Y},
  journal={Quarterly of Applied Mathematics},
  volume={27},
  number={4},
  pages={526--530},
  year={1970}
}

@book{chen2015,
author = {Chen, Guanrong and Wang, Xiaofan and Li, Xiang},
title  = {Fundamentals of complex networks: models, structures and dynamics},
publisher = {John Wiley \& Sons},
month = {June},
year = {2015},
}

@article{portillo2009,
author = {Portillo, I. J. G. and Gleiser, P. M.},
title  = {An Adaptive Complex Network Model for Brain Functional Networks},
journal  = {PLoS One},
volume = {4},
pages = {e6863},
year  = {2009},
}

@article{sengupta2014,
author = {Sengupta, B. and Stemmler, M. B.},
title  = {Power Consumption During Neuronal Computation},
journal  = {Proc. IEEE},
volume = {102},
pages = {738},
year  = {2014},
}

@article{mead1990,
author = {C. Mead},
title  = {Neuromorphic electronic systems},
journal  = {Proc. IEEE},
volume = {78},
pages = {1629},
year  = {1990},
}

@article{calimera2013,
author = {Calimera, A. and Macii, E. and M. Poncino},
title  = {The Human Brain Project and neuromorphic computing},
journal  = {Functional Neurology},
volume = {28},
pages = {191},
year  = {2013},
}

@article{sysoev2009,
  title={Percolating SnO2 nanowire network as a stable gas sensor: Direct comparison of long-term performance versus SnO2 nanoparticle films},
  author={Sysoev, VV and Schneider, T and Goschnick, J and Kiselev, I and Habicht, W and Hahn, H and Strelcov, E and Kolmakov, A},
  journal={Sensors and Actuators B: Chemical},
  volume={139},
  number={2},
  pages={699--703},
  year={2009},
  publisher={Elsevier}
}


@article{lim2012,
title = "Mechanical integrity of flexible Ag nanowire network electrodes coated on colorless \{PI\} substrates for flexible organic solar cells ",
journal = "Solar Energy Materials and Solar Cells ",
volume = "105",
number = "",
pages = "69 - 76",
year = "2012",
note = "",
issn = "0927-0248",
author = "Lim,J.W and Cho, D.Y. and Eun, K. and Choa,S.H. and Na,S.I. and Kim,J. and Kim,H.K",
}

@article{prezioso2015,
author = {Prezioso, M. and Merrikh-Bayat, F. and Hoskins, B. D. and Adam, G. C. and Likharev, K. K. and Strukov, D. B.},
title = {Training and operation of an integrated neuromorphic network based on metal-oxide memristors},
journal = {Nature},
volume = {521},
pages = {61},
year = {2015},
}

@article{kim2012,
author = {Kim, K.-H. and Gaba, S. and Wheeler, D. and Cruz-Albrecht, J. M. and Hussain, T. and Srinivasa, N. and Lu, W.},
title = {A functional hybrid memristor crossbar-array/CMOS system for data storage and neuromorphic applications},
journal = {Nano Lett.},
volume = {12},
pages = {389},
year = {2012},
}

@article{xia2009,
  title={Memristor- CMOS hybrid integrated circuits for reconfigurable logic},
  author={Xia, Qiangfei and Robinett, Warren and Cumbie, Michael W and Banerjee, Neel and Cardinali, Thomas J and Yang, J Joshua and Wu, Wei and Li, Xuema and Tong, William M and Strukov, Dmitri B and others},
  journal={Nano letters},
  volume={9},
  number={10},
  pages={3640--3645},
  year={2009},
  publisher={ACS Publications}
}


@article{yang2013,
author = {Yang,  J. Joshua and Strukov, Dmitri B. and Stewart R., Duncan},
title = {Memristive devices for computing},
journal = {Nature Nanotechnology},
volume = {8},
pages = {13},
year = {2013},
}

@article{demis2016,
author = {Demis, E. C. and Aguilera, R. and Scharnhorst, K. and Aono, M. and Stieg, A. Z. and Gimzewski, J. K.},
title = {Nanoarchitectonic atomic switch networks for unconventional computing},
journal = {Japanese Journal of Applied Physics},
volume = {55},
pages = {1102B2},
year = {2016},
}

@article{sillin2013,
author = {Sillin, H. O. and Aguilera, R. and Shieh, H.-H. and Avizienis, A. V. and Aono, M. and Stieg, A. Z. and Gimzewski, J. K.},
title = {A theoretical and experimental study of neuromorphic atomic switch networks for reservoir computing},
journal = {Nanotechnology},
volume = {24},
pages = {384004},
year = {2013},
}

@article{chua1971,
author = {L. Chua},
journal = {IEEE Trans. Circuit Theory},
title = {Memristor-The missing circuit element},
volume = {18},
pages = {507},
year = {1971},
}

@article{kelly2016,
author = {O'Kelly, C. J. and Fairfield, J. A. and McCloskey, D. and Manning, H. G. and Donegan, J. F. and Boland, J. J.},
title = {Associative enhancement of time correlated response to heterogeneous stimuli in a neuromorphic nanowire device},
journal = {Advanced Electronic Materials},
volume = {2},
pages = {1500458},
year = {2016},
}

@article{lim2015,
author = {Lim, E. W. and Ismail, R.},
title = {Conduction mechanism of valence change resistive switching memory: a survey},
journal = {Electronics},
volume = {4},
pages = {586},
year = {2015},
}

@article{lyons2011,
  title={High-performance transparent conductors from networks of gold nanowires},
  author={Lyons, Philip E and De, Sukanta and Elias, Jamil and Schamel, Matthias and Philippe, Laetitia and Bellew, Allen T and Boland, John J and Coleman, Jonathan N},
  journal={The Journal of Physical Chemistry Letters},
  volume={2},
  number={24},
  pages={3058--3062},
  year={2011},
  publisher={ACS Publications}
}


@inproceedings{hu2012,
  title={Hardware realization of BSB recall function using memristor crossbar arrays},
  author={Hu, Miao and Li, Hai and Wu, Qing and Rose, Garrett S},
  booktitle={Proceedings of the 49th Annual Design Automation Conference},
  pages={498--503},
  year={2012},
  organization={ACM}
}
@article{de2011,
  title={The effects of percolation in nanostructured transparent conductors},
  author={De, Sukanta and Coleman, Jonathan N},
  journal={Mrs Bulletin},
  volume={36},
  number={10},
  pages={774--781},
  year={2011},
  publisher={Cambridge University Press}
}


@article{stewart2004,
  title={Molecule-independent electrical switching in Pt/organic monolayer/Ti devices},
  author={Stewart, DR and Ohlberg, DAA and Beck, PA and Chen, Y and Williams, R Stanley and Jeppesen, Jan Oskar and Nielsen, KA and Stoddart, J Fraser},
  journal={Nano Letters},
  volume={4},
  number={1},
  pages={133--136},
  year={2004},
  publisher={ACS Publications}
}


@article{celano2016,
author = {Celano, U. and Giammaria, G. and Goux, L. and Belmonte, A. and Jurczak, M. and Vandervorst, W.},
title = {Nanoscopic structural rearrangements of the Cu-filament in conductive-bridge memories},
journal = {Nanoscale},
volume = {8},
pages = {13915},
year = {2016},
}

@article{scaling2018,
author = {Manning, H. G. and Bellew, A. T. and Rocha, C. G. and Niosi, F. and O'Callaghan, C. and Biswas, S. and Flowers, P. and Wiley, B. J. and Holmes, J. T. and Ferreira, M. S. and Boland, J. J.},
title = {Emergence of Winner-takes-all Connectivity Paths in Random Nanowire Networks},
journal = {Nature Communications},
  volume={9},
  number={3219},
  year={2018}

}

@article{jadwiszczak2018,
  title={Oxide-mediated recovery of field-effect mobility in plasma-treated MoS2},
  author={Jadwiszczak, Jakub and O'Callaghan, Colin and Zhou, Yangbo and Fox, Daniel S and Weitz, Eamonn and Keane, Darragh and Cullen, Conor P and O'Reilly, Ian and Downing, Clive and Shmeliov, Aleksey and others},
  journal={Science advances},
  volume={4},
  number={3},
  pages={eaao5031},
  year={2018},
  publisher={American Association for the Advancement of Science}
}

@article{selzer2016,
  title={Electrical limit of silver nanowire electrodes: Direct measurement of the nanowire junction resistance},
  author={Selzer, Franz and Floresca, Carlo and Kneppe, David and Bormann, Ludwig and Sachse, Christoph and Wei{\ss}, Nelli and Eychm{\"u}ller, Alexander and Amassian, Aram and M{\"u}ller-Meskamp, Lars and Leo, Karl},
  journal={Applied Physics Letters},
  volume={108},
  number={16},
  pages={163302},
  year={2016},
  publisher={AIP Publishing}
}


@article{he2018,
  title={Conductivity of two-dimensional disordered nanowire networks: Dependence on length-ratio of conducting paths to all nanowires},
  author={He, Song and Xu, Xiaomei and Qiu, Xincan and He, Yong and Zhou, Conghua},
  journal={Journal of Applied Physics},
  volume={124},
  number={5},
  pages={054302},
  year={2018},
  publisher={AIP Publishing}
}

@article{yu2013,
  title={Stochastic learning in oxide binary synaptic device for neuromorphic computing},
  author={Yu, Shimeng and Gao, Bin and Fang, Zheng and Yu, Hongyu and Kang, Jinfeng and Wong, H-S Philip},
  journal={Frontiers in neuroscience},
  volume={7},
  pages={186},
  year={2013},
  publisher={Frontiers}
}

@article{kumar2017,
  title={Chaotic dynamics in nanoscale NbO 2 Mott memristors for analogue computing},
  author={Kumar, Suhas and Strachan, John Paul and Williams, R Stanley},
  journal={Nature},
  volume={548},
  number={7667},
  pages={318},
  year={2017},
  publisher={Nature Publishing Group}
}

@article{gkoupidenis2017,
  title={Neuromorphic device architectures with global connectivity through electrolyte gating},
  author={Gkoupidenis, Paschalis and Koutsouras, Dimitrios A and Malliaras, George G},
  journal={Nature Communications},
  volume={8},
  pages={15448},
  year={2017},
  publisher={Nature Publishing Group}
}

@article{bak1988,
  title={Self-organized criticality},
  author={Bak, Per and Tang, Chao and Wiesenfeld, Kurt},
  journal={Physical review A},
  volume={38},
  number={1},
  pages={364},
  year={1988},
  publisher={APS}
}


@article{fairfield2016,
author = {Fairfield, J. A. and Rocha, C. G. and O'Callaghan, C. and Ferreira, M. S. and Boland, J. J.},
title = {Co-percolation to tune conductive behaviour in dynamical metallic nanowire networks},
journal = {Nanoscale},
volume = {8},
pages = {18516},
year = {2016},
}

@article{rocha2015,
author={Rocha, C. G. and Manning, H. G. and O'Callaghan, C. and
Ritter, C. and Bellew, A. T. and Boland, J. J. and Ferreira, M. S.},
title={Ultimate conductivity performance in metallic nanowire networks},
journal={Nanoscale},
volume={7},
pages={13011},
year={2015},
}

@article{snider2007,
author={Snider, G. S.},
title={Self-organized computation with unreliable, memristive nanodevices},
journal={Nanotechnology},
volume={18},
pages={365202},
year={2007},
}

@article{bellew2015,
author = {Bellew, A. T. and Manning, H. G. and Rocha, C. G. and Ferreira, M. S. and Boland, J. J.},
title = {Resistance of single Ag nanowire junctions and their role in the conductivity of nanowire networks},
journal = {ACS Nano},
volume = {9},
pages = {11422},
year = {2015},
}

@article{liang2014,
author = {Jiajie Liang and Lu Li and Kwing Tong and Zhi Ren and Wei Hu and Xiaofan Niu and Yongsheng Chen and Qibing Pei},
title = {Silver Nanowire Percolation Network Soldered with Graphene Oxide at Room Temperature and Its Application for Fully Stretchable Polymer Light-Emitting Diodes},
journal = {ACS Nano},
volume = {8},
number = {2},
pages = {1590-1600},
year = {2014},
doi = {10.1021/nn405887k},
    note ={PMID: 24471886},

URL = { 
        http://dx.doi.org/10.1021/nn405887k
    
},
eprint = { 
        http://dx.doi.org/10.1021/nn405887k
    
}

}

@article{khanarian2013,
  title={The optical and electrical properties of silver nanowire mesh films},
  author={Khanarian, G and Joo, J and Liu, X-Q and Eastman, P and Werner, D and O'Connell, K and Trefonas, P},
  journal={Journal of applied physics},
  volume={114},
  number={2},
  pages={024302},
  year={2013},
  publisher={AIP}
}

@article{ziegler2012,
  title={An electronic version of Pavlov's dog},
  author={Ziegler, Martin and Soni, Rohit and Patelczyk, Timo and Ignatov, Marina and Bartsch, Thorsten and Meuffels, Paul and Kohlstedt, Hermann},
  journal={Advanced Functional Materials},
  volume={22},
  number={13},
  pages={2744--2749},
  year={2012},
  publisher={Wiley Online Library}
}

@article{zahari2015,
  title={Pattern recognition with TiOx-based memristive devices},
  author={Zahari, Finn and Hansen, Mirko and Mussenbrock, Thomas and Ziegler, Martin and Kohlstedt, Hermann},
  journal={AIMS Mater. Sci},
  volume={2},
  pages={203--216},
  year={2015}
}

@article{jeong2013,
  title={Towards artificial neurons and synapses: a materials point of view},
  author={Jeong, Doo Seok and Kim, Inho and Ziegler, Martin and Kohlstedt, Hermann},
  journal={Rsc Advances},
  volume={3},
  number={10},
  pages={3169--3183},
  year={2013},
  publisher={Royal Society of Chemistry}
}

@article{riggert2014,
  title={MemFlash device: floating gate transistors as memristive devices for neuromorphic computing},
  author={Riggert, C and Ziegler, M and Schroeder, D and Krautschneider, WH and Kohlstedt, H},
  journal={Semiconductor Science and Technology},
  volume={29},
  number={10},
  pages={104011},
  year={2014},
  publisher={IOP Publishing}
}


@article{kallmes1960,
  title={The structure of paper, I. The statistical geometry of an ideal two dimensional fiber network},
  author={Kallmes, O and Corte, H},
  journal={Tappi J},
  volume={43},
  number={9},
  pages={737--752},
  year={1960}
}

@article{wakrim2016,
  title={From MEMRISTOR to MEMImpedance device},
  author={Wakrim, T and Vall{\'e}e, C and Gonon, P and Mannequin, C and Sylvestre, A},
  journal={Applied Physics Letters},
  volume={108},
  number={5},
  pages={053502},
  year={2016},
  publisher={AIP Publishing}
}

@article{kim2013,
author = {Areum Kim and Yulim Won and Kyoohee Woo and Chul-Hong Kim and Jooho Moon},
title = {Highly Transparent Low Resistance ZnO/Ag Nanowire/ZnO Composite Electrode for Thin Film Solar Cells},
journal = {ACS Nano},
volume = {7},
number = {2},
pages = {1081-1091},
year = {2013},
doi = {10.1021/nn305491x},
    note ={PMID: 23330971},

URL = { 
        http://dx.doi.org/10.1021/nn305491x
    
},
eprint = { 
        http://dx.doi.org/10.1021/nn305491x
    
}

}

@article{yu2011,
  title={Highly flexible silver nanowire electrodes for shape-memory polymer light-emitting diodes},
  author={Yu, Zhibin and Zhang, Qingwu and Li, Lu and Chen, Qi and Niu, Xiaofan and Liu, Jun and Pei, Qibing},
  journal={Advanced Materials},
  volume={23},
  number={5},
  pages={664--668},
  year={2011},
  publisher={Wiley Online Library}
}

@article{zeng2010,
  title={A new transparent conductor: silver nanowire film buried at the surface of a transparent polymer},
  author={Zeng, Xiao-Yan and Zhang, Qi-Kai and Yu, Rong-Min and Lu, Can-Zhong},
  journal={Advanced Materials},
  volume={22},
  number={40},
  pages={4484--4488},
  year={2010},
  publisher={Wiley Online Library}
}


@article{gong2017,
  title={One-Dimensional Nanomaterials for Soft Electronics},
  author={Gong, Shu and Cheng, Wenlong},
  journal={Advanced Electronic Materials},
  volume={3},
  number={3},
  pages={1600314},
  year={2017},
  publisher={Wiley Online Library}
}

@article{bellet2017,
  title={Transparent electrodes based on silver nanowire networks: From physical considerations towards device integration},
  author={Bellet, Daniel and Lagrange, M{\'e}lanie and Sannicolo, Thomas and Aghazadehchors, Sara and Nguyen, Viet Huong and Langley, Daniel P and Mu{\~n}oz-Rojas, David and Jim{\'e}nez, Carmen and Br{\'e}chet, Yves and Nguyen, Ngoc Duy},
  journal={Materials},
  volume={10},
  number={6},
  pages={570},
  year={2017},
  publisher={Multidisciplinary Digital Publishing Institute}
}

  	
@article{choi2008,
  author={Young-Jin Choi and In-Sung Hwang and Jae-Gwan Park and Kyoung Jin Choi and Jae-Hwan Park and Jong-Heun Lee},
  title={Novel fabrication of an SnO 2 nanowire gas sensor with high sensitivity},
  journal={Nanotechnology},
  volume={19},
  number={9},
  pages={095508},
  url={http://stacks.iop.org/0957-4484/19/i=9/a=095508},
  year={2008},
  }
}
	
   
@article{datta2014,
title = "Role of various interfaces of CuO/ZnO random nanowire networks in \{H2S\} sensing: An impedance and Kelvin probe analysis ",
journal = "Sensors and Actuators B: Chemical ",
volume = "202",
number = "",
pages = "1270 - 1280",
year = "2014",
note = "",
issn = "0925-4005",
doi = "http://dx.doi.org/10.1016/j.snb.2014.06.072",
url = "http://www.sciencedirect.com/science/article/pii/S0925400514007618",
author = "Niyanta Datta and Niranjan S. Ramgir and Suresh Kumar and P. Veerender and M. Kaur and S. Kailasaganapathi and A.K. Debnath and D.K. Aswal and S.K. Gupta",
keywords = "ZnO",
keywords = "Nanowires",
keywords = "Impedance measurements",
keywords = "Work function",
keywords = "Band bending "
}

@article{chang2016,
  title={Flexible fuel cell using stiffness-controlled endplate},
  author={Chang, Ikwhang and Park, Taehyun and Lee, Jinhwan and Lee, Ha Beom and Ko, Seung Hwan and Cha, Suk Won},
  journal={international journal of hydrogen energy},
  volume={41},
  number={14},
  pages={6013--6019},
  year={2016},
  publisher={Elsevier}
}

@article{chang2013,
  title={Bendable polymer electrolyte fuel cell using highly flexible Ag nanowire percolation network current collectors},
  author={Chang, Ikwhang and Park, Taehyun and Lee, Jinhwan and Lee, Min Hwan and Ko, Seung Hwan and Cha, Suk Won},
  journal={Journal of Materials Chemistry A},
  volume={1},
  number={30},
  pages={8541--8546},
  year={2013},
  publisher={Royal Society of Chemistry}
}

@article{takei2010,
  title={Nanowire active-matrix circuitry for low-voltage macroscale artificial skin},
  author={Takei, Kuniharu and Takahashi, Toshitake and Ho, Johnny C and Ko, Hyunhyub and Gillies, Andrew G and Leu, Paul W and Fearing, Ronald S and Javey, Ali},
  journal={Nature materials},
  volume={9},
  number={10},
  pages={821},
  year={2010},
  publisher={Nature Publishing Group}
}

@article{chang2014,
  title={Performance enhancement in bendable fuel cell using highly conductive Ag nanowires},
  author={Chang, Ikwhang and Park, Taehyun and Lee, Jinhwan and Lee, Ha Beom and Ji, Sanghoon and Lee, Min Hwan and Ko, Seung Hwan and Cha, Suk Won},
  journal={international journal of hydrogen energy},
  volume={39},
  number={14},
  pages={7422--7427},
  year={2014},
  publisher={Elsevier}
}


@article{groep2012,
author = {Jorik van de Groep and Pierpaolo Spinelli and Albert Polman},
title = {Transparent Conducting Silver Nanowire Networks},
journal = {Nano Letters},
volume = {12},
number = {6},
pages = {3138-3144},
year = {2012},
doi = {10.1021/nl301045a},
    note ={PMID: 22554260},

URL = { 
        http://dx.doi.org/10.1021/nl301045a
    
},
eprint = { 
        http://dx.doi.org/10.1021/nl301045a
    
}

}

@article{wang2015,
  title={Silver nanowire electrodes: conductivity improvement without post-treatment and application in capacitive pressure sensors},
  author={Wang, Jun and Jiu, Jinting and Araki, Teppei and Nogi, Masaya and Sugahara, Tohru and Nagao, Shijo and Koga, Hirotaka and He, Peng and Suganuma, Katsuaki},
  journal={Nano-Micro Letters},
  volume={7},
  number={1},
  pages={51--58},
  year={2015},
  publisher={Springer}
}

@article{celle2012,
  title={Highly flexible transparent film heaters based on random networks of silver nanowires},
  author={Celle, Caroline and Mayousse, C{\'e}line and Moreau, El{\'e}onore and Basti, Henda and Carella, Alexandre and Simonato, Jean-Pierre},
  journal={Nano Research},
  volume={5},
  number={6},
  pages={427--433},
  year={2012},
  publisher={Springer}
}

@article{park2015,
  title={Silver Nanowire Networks as Transparent Conducting Films for Liquid Crystal Displays},
  author={Park, Hong-Gyu and Heo, Gi-Seok and Park, Sang-Geon and Jeong, Hae-Chang and Lee, Ju Hwan and Seo, Dae-Shik},
  journal={ECS Solid State Lett.},
  volume={4},
  number={},
  pages={R50},
  year={2015},
  publisher={}
}

@article{miller2013,
  title={Silver Nanowire/Optical Adhesive Coatings as Transparent Electrodes for Flexible Electronics},
  author={Miller, Michael S. and O'Kane, Jessica C. and Niec, Adrian and Carmichael, R. Stephen and Carmichael, Tricia Breen},
  journal={ACS Appl. Mater. Interfaces},
  volume={5},
  number={},
  pages={10165},
  year={2013},
  publisher={}
}


@article{kumar2016,
   author = "Kumar, Ankush and Kulkarni, G. U.",
   title = "Evaluating conducting network based transparent electrodes from geometrical considerations",
   journal = "Journal of Applied Physics",
   year = "2016",
   volume = "119",
   number = "1", 
   eid = 015102,
   pages = "",
   url = "http://scitation.aip.org/content/aip/journal/jap/119/1/10.1063/1.4939280",
   doi = "http://dx.doi.org/10.1063/1.4939280" 
}


@article{mutiso2013,
author = {R. M. Mutiso and M.C. Sherrott and A.R. Rathmell and B.J. Wiley and K.I. Winey},
title = {Integrating Simulations and Experiments To Predict Sheet Resistance and Optical Transmittance in Nanowire Films for Transparent Conductors},
journal = {ACS Nano},
volume = {7},
number = {9},
pages = {7654-7663},
year = {2013},
}

@article{curtis-memory,
author = {Curtis O'Kelly and Jessamyn A. Fairfield and John J. Boland},
title = {A Single Nanoscale Junction with Programmable Multilevel Memory},
journal = {ACS Nano},
volume = {8},
number = {11},
pages = {11724-11729},
year = {2014},
doi = {10.1021/nn505139m},
    note ={PMID: 25323650},

URL = { 
        http://dx.doi.org/10.1021/nn505139m
    
},
eprint = { 
        http://dx.doi.org/10.1021/nn505139m
    
}

}

@article{dokholyan1999,
title = "Distribution of shortest paths in percolation ",
journal = "Physica A: Statistical Mechanics and its Applications ",
volume = "266",
number = "1-4",
pages = "55 - 61",
year = "1999",
note = "",
issn = "0378-4371",
doi = "http://dx.doi.org/10.1016/S0378-4371(98)00574-3",
url = "http://www.sciencedirect.com/science/article/pii/S0378437198005743",
author = "Nikolay V Dokholyan and Sergey V Buldyrev and Shlomo Havlin and Peter R King and Youngki Lee and H.Eugene Stanley",
keywords = "Scaling Ansatz",
keywords = "Percolation",
keywords = "Finite-size effect ",
abstract = "We present a scaling Ansatz for the distribution function of the shortest paths connecting any two points on a percolating cluster which accounts for (i) the effect of the finite size of the system, and (ii) the dependence of this distribution on the site occupancy probability p. We present evidence supporting the scaling Ansatz for the case of two-dimensional percolation. "
}


@book{pingsheng,
  title = {Scattering and localization of classical waves in random media},
  author = {Sheng P.},
  publisher={World Scientific},
  year = {1990}
}

@book{pozrikidis,
  title = {An Intrduction to Grids, Graphs and Networks},
  author = {Pozrikidis,C.},
  publisher={Oxford University Press},
  year = {2014}
}

@book{economou1984,
  title={Green's functions in quantum physics},
  author={Economou, Eleftherios N},
  volume={3},
  year={1984},
  publisher={Springer}
}

@article{li2009,
  title = {Finite-size scaling in stick percolation},
  author = {Li, J. and Zhang, S.L.},
  journal = {Phys. Rev. E},
  volume = {80},
  issue = {4},
  pages = {040104},
  numpages = {4},
  year = {2009},
  month = {Oct},
  publisher = {American Physical Society},
}
@article{zezelj2012,
  title = {From percolating to dense random stick networks: Conductivity model investigation},
  author = {\ifmmode \check{Z}\else \v{Z}\fi{}e\ifmmode \check{z}\else \v{z}\fi{}elj, Milan and Stankovi\ifmmode \acute{c}\else \'{c}\fi{}, Igor},
  journal = {Phys. Rev. B},
  volume = {86},
  issue = {13},
  pages = {134202},
  numpages = {6},
  year = {2012},
  month = {Oct},
  publisher = {American Physical Society},
  doi = {10.1103/PhysRevB.86.134202},
  url = {http://link.aps.org/doi/10.1103/PhysRevB.86.134202}
}

@article{ashkan2007,
  title = {Computational study of geometry-dependent resistivity scaling in single-walled carbon nanotube films},
  author = {Behnam, Ashkan and Ural, Ant},
  journal = {Phys. Rev. B},
  volume = {75},
  issue = {12},
  pages = {125432},
  numpages = {8},
  year = {2007},
  month = {Mar},
  publisher = {American Physical Society},
  doi = {10.1103/PhysRevB.75.125432},
  url = {http://link.aps.org/doi/10.1103/PhysRevB.75.125432}
}

@article{braunstein2003,
  title={Optimal paths in disordered complex networks},
  author={Braunstein, Lidia A and Buldyrev, Sergey V and Cohen, Reuven and Havlin, Shlomo and Stanley, H Eugene},
  journal={Physical review letters},
  volume={91},
  number={16},
  pages={168701},
  year={2003},
  publisher={APS}
}

@article{watts1998,
  title={Collective dynamics of 'small-world'networks},
  author={Watts, Duncan J and Strogatz, Steven H},
  journal={nature},
  volume={393},
  number={6684},
  pages={440--442},
  year={1998},
  publisher={Nature Publishing Group}
}




@article{sannicolo2016,
author = {Sannicolo, Thomas and Muñoz-Rojas, David and Nguyen, Ngoc Duy and Moreau, Stéphane and Celle, Caroline and Simonato, Jean-Pierre and Bréchet, Yves and Bellet, Daniel},
title = {Direct Imaging of the Onset of Electrical Conduction in Silver Nanowire Networks by Infrared Thermography: Evidence of Geometrical Quantized Percolation},
journal = {Nano Letters},
volume = {16},
number = {11},
pages = {7046-7053},
year = {2016},
doi = {10.1021/acs.nanolett.6b03270},
    note ={PMID: 27753494},

URL = { 
        http://dx.doi.org/10.1021/acs.nanolett.6b03270
    
},
eprint = { 
        http://dx.doi.org/10.1021/acs.nanolett.6b03270
    
}

}

@Article{langley2014,
author ="Langley, D. P. and Lagrange, M. and Giusti, G. and Jimenez, C. and Brechet, Y. and Nguyen, N. D. and Bellet, D.",
title  ="Metallic nanowire networks: effects of thermal annealing on electrical resistance",
journal  ="Nanoscale",
year  ="2014",
volume  ="6",
issue  ="22",
pages  ="13535-13543",
publisher  ="The Royal Society of Chemistry",
doi  ="10.1039/C4NR04151H",
url  ="http://dx.doi.org/10.1039/C4NR04151H",
abstract  ="Metallic nanowire networks have huge potential in devices requiring transparent electrodes. This article describes how the electrical resistance of metal nanowire networks evolve under thermal annealing. Understanding the behavior of such films is crucial for the optimization of transparent electrodes which find many applications. An in-depth investigation of silver nanowire networks under different annealing conditions provides a case study demonstrating that several mechanisms{,} namely local sintering and desorption of organic residues{,} are responsible for the reduction of the systems electrical resistance. Optimization of the annealing led to specimens with transmittance of 90% (at 550 nm) and sheet resistance of 9.5 [capital Omega] sq-1. Quantized steps in resistance were observed and a model is proposed which provides good agreement with the experimental results. In terms of thermal behavior{,} we demonstrate that there is a maximum thermal budget that these electrodes can tolerate due to spheroidization of the nanowires. This budget is determined by two main factors: the thermal loading and the wire diameter. This result enables the fabrication and optimization of transparent metal nanowire electrodes for solar cells{,} organic electronics and flexible displays."}


@article{fairfield2014,
author = {Fairfield, Jessamyn A. and Ritter, Carlos and Bellew, Allen T. and McCarthy, Eoin K. and Ferreira, Mauro S. and Boland, John J.},
title = {Effective Electrode Length Enhances Electrical Activation of Nanowire Networks: Experiment and Simulation},
journal = {ACS Nano},
volume = {8},
number = {9},
pages = {9542-9549},
year = {2014},
doi = {10.1021/nn5038515},
    note ={PMID: 25153920},

URL = { 
        http://dx.doi.org/10.1021/nn5038515
    
},
eprint = { 
        http://dx.doi.org/10.1021/nn5038515
    
}

}

@article{gale2014,
  title={TiO2-based memristors and ReRAM: materials, mechanisms and models (a review)},
  author={Gale, Ella},
  journal={Semiconductor Science and Technology},
  volume={29},
  number={10},
  pages={104004},
  year={2014},
  publisher={IOP Publishing}
}


@article{turner2008,
  title={Selective oxidation with dioxygen by gold nanoparticle catalysts derived from 55-atom clusters},
  author={Turner, Mark and Golovko, Vladimir B and Vaughan, Owain PH and Abdulkin, Pavel and Berenguer-Murcia, Angel and Tikhov, Mintcho S and Johnson, Brian FG and Lambert, Richard M},
  journal={Nature},
  volume={454},
  number={7207},
  pages={981},
  year={2008},
  publisher={Nature Publishing Group}
}

@article {waser2009,
author = {Waser, Rainer and Dittmann, Regina and Staikov, Georgi and Szot, Kristof},
title = {Redox-Based Resistive Switching Memories - Nanoionic Mechanisms, Prospects, and Challenges},
journal = {Advanced Materials},
volume = {21},
number = {25-26},
publisher = {WILEY-VCH Verlag},
issn = {1521-4095},
url = {http://dx.doi.org/10.1002/adma.200900375},
doi = {10.1002/adma.200900375},
pages = {2632--2663},
keywords = {data storage, defects, electrochemical metallization cells, memory devices, memristors, resistive switching oxides, valence change},
year = {2009},
}

@article{thompson2006,
  title={Moore's law: the future of Si microelectronics},
  author={Thompson, Scott E and Parthasarathy, Srivatsan},
  journal={Materials today},
  volume={9},
  number={6},
  pages={20--25},
  year={2006},
  publisher={Elsevier}
}


@article{rueckes2000,
  title={Carbon nanotube-based nonvolatile random access memory for molecular computing},
  author={Rueckes, Thomas and Kim, Kyoungha and Joselevich, Ernesto and Tseng, Greg Y and Cheung, Chin-Li and Lieber, Charles M},
  journal={science},
  volume={289},
  number={5476},
  pages={94--97},
  year={2000},
  publisher={American Association for the Advancement of Science}
}

@book{bhushan2017,
  title={Springer handbook of nanotechnology},
  author={Bhushan, Bharat},
  year={2017},
  publisher={Springer}
}

@article{law2005,
  title={Nanowire dye-sensitized solar cells},
  author={Law, Matt and Greene, Lori E and Johnson, Justin C and Saykally, Richard and Yang, Peidong},
  journal={Nature materials},
  volume={4},
  number={6},
  pages={455},
  year={2005},
  publisher={Nature Publishing Group}
}

@article{bez2003,
  title={Introduction to flash memory},
  author={Bez, Roberto and Camerlenghi, Emilio and Modelli, Alberto and Visconti, Angelo},
  journal={Proceedings of the IEEE},
  volume={91},
  number={4},
  pages={489--502},
  year={2003},
  publisher={IEEE}
}


@incollection{simon2010,
  title={Materials for electrochemical capacitors},
  author={Simon, Patrice and Gogotsi, Yury},
  booktitle={Nanoscience And Technology: A Collection of Reviews from Nature Journals},
  pages={320--329},
  year={2010},
  publisher={World Scientific}
}

@article{ferrari2005,
  title={Cancer nanotechnology: opportunities and challenges},
  author={Ferrari, Mauro},
  journal={Nature reviews cancer},
  volume={5},
  number={3},
  pages={161},
  year={2005},
  publisher={Nature Publishing Group}
}

@article{daniel2004,
  title={Gold nanoparticles: assembly, supramolecular chemistry, quantum-size-related properties, and applications toward biology, catalysis, and nanotechnology},
  author={Daniel, Marie-Christine and Astruc, Didier},
  journal={Chemical reviews},
  volume={104},
  number={1},
  pages={293--346},
  year={2004},
  publisher={ACS Publications}
}


@ARTICLE{querlioz2013,
author={D. Querlioz and O. Bichler and P. Dollfus and C. Gamrat},
journal={IEEE Transactions on Nanotechnology},
title={Immunity to Device Variations in a Spiking Neural Network With Memristive Nanodevices},
year={2013},
volume={12},
number={3},
pages={288-295},
keywords={memristors;nanoelectronics;neural nets;unsupervised learning;character recognition;coding scheme;compact multilevel nonvolatile memory function;customized spike timing dependent plasticity rule;device conductance;device variability;homeostasis capability;memristive device behavior;memristive device parameters;memristive nanodevices;neural network-based computing paradigm;relative standard dispersion;simplified spike timing dependent plasticity rule;spiking neural network;system level simulations;ultraadaptive electronic systems;unsupervised learning;virtual immunity;Memristive devices;memristors;neuromorphic;spike timing dependent plasticity (STPD);spiking neural networks;unsupervised learning},
doi={10.1109/TNANO.2013.2250995},
ISSN={1536-125X},
month={May},}

@article{chua2014,
  author={Leon Chua},
  title={If it's pinched it's a memristor},
  journal={Semiconductor Science and Technology},
  volume={29},
  number={10},
  pages={104001},
  url={http://stacks.iop.org/0268-1242/29/i=10/a=104001},
  year={2014},
}  

@article{deng2015,
author = {Deng, Bing and Hsu, Po-Chun and Chen, Guanchu and Chandrashekar, B. N. and Liao, Lei and Ayitimuda, Zhawulie and Wu, Jinxiong and Guo, Yunfan and Lin, Li and Zhou, Yu and Aisijiang, Mahaya and Xie, Qin and Cui, Yi and Liu, Zhongfan and Peng, Hailin},
title = {Roll-to-Roll Encapsulation of Metal Nanowires between Graphene and Plastic Substrate for High-Performance Flexible Transparent Electrodes},
journal = {Nano Letters},
volume = {15},
number = {6},
pages = {4206-4213},
year = {2015},
doi = {10.1021/acs.nanolett.5b01531},
    note ={PMID: 26020567},

URL = { 
        http://dx.doi.org/10.1021/acs.nanolett.5b01531
    
},
eprint = { 
        http://dx.doi.org/10.1021/acs.nanolett.5b01531
    
}

}

 	
@article{Torrezan2011,
  author={Antonio C Torrezan and John Paul Strachan and Gilberto Medeiros-Ribeiro and R Stanley Williams},
  title={Sub-nanosecond switching of a tantalum oxide memristor},
  journal={Nanotechnology},
  volume={22},
  number={48},
  pages={485203},
  url={http://stacks.iop.org/0957-4484/22/i=48/a=485203},
  year={2011},
  abstract={We report sub-nanosecond switching of a metal-oxide-metal memristor utilizing a broadband 20GHz experimental setup developed to observe fast switching dynamics. Set and reset operations were successfully performed in the tantalum oxide memristor using pulses with durations of 105 and 120ps, respectively. Reproducibility of the sub-nanosecond switching was also confirmed as the device switched over consecutive cycles.}
}
	
@article{yang2010,
  title={High switching endurance in TaO x memristive devices},
  author={Yang, J Joshua and Zhang, M-X and Strachan, John Paul and Miao, Feng and Pickett, Matthew D and Kelley, Ronald D and Medeiros-Ribeiro, G and Williams, R Stanley},
  journal={Applied Physics Letters},
  volume={97},
  number={23},
  pages={232102},
  year={2010},
  publisher={AIP}
}


@article{choi2013,
author = {Choi, Byung Joon and Torrezan, Antonio C. and Norris, Kate J. and Miao, Feng and Strachan, John Paul and Zhang, Min-Xian and Ohlberg, Douglas A. A. and Kobayashi, Nobuhiko P. and Yang, J. Joshua and Williams, R. Stanley},
title = {Electrical Performance and Scalability of Pt Dispersed SiO2 Nanometallic Resistance Switch},
journal = {Nano Letters},
volume = {13},
number = {7},
pages = {3213-3217},
year = {2013},
doi = {10.1021/nl401283q},
    note ={PMID: 23746124},

URL = { 
        http://dx.doi.org/10.1021/nl401283q
    
},
eprint = { 
        http://dx.doi.org/10.1021/nl401283q
    
}

}

@article{chung2012,
  title={Solution-processed flexible transparent conductors composed of silver nanowire networks embedded in indium tin oxide nanoparticle matrices},
  author={Chung, Choong-Heui and Song, Tze-Bin and Bob, Brion and Zhu, Rui and Yang, Yang},
  journal={Nano Research},
  volume={5},
  number={11},
  pages={805--814},
  year={2012},
  publisher={Springer}
}


@article{lee2011,
author = {Lee, Myoung-Jae and Lee, Chang Bum and Lee, Dongsoo and Lee, Seung Ryul and Chang, Man and Hur, Ji Hyun and Kim, Young-Bae and Kim, Chang-Jung and Seo, David H. and Seo, Sunae and Chung, U-In and Yoo, In-Kyeong and Kim, Kinam},
title = {A fast, high-endurance and scalable non-volatile memory device made from asymmetric Ta2O5-x/TaO2-x bilayer structures},
journal = { Nat Mater},
volume = {10},
issue = {8},
pages = {625-630},
year = {2011},
doi = {10.1038/nmat3070},
eprint = {http://dx.doi.org/10.1038/nmat3070}
}

@article{lee2015,
  title={Metal oxide-resistive memory using graphene-edge electrodes},
  author={Lee, Seunghyun and Sohn, Joon and Jiang, Zizhen and Chen, Hong-Yu and Wong, H-S Philip},
  journal={Nature communications},
  volume={6},
  year={2015},
  publisher={Nature Research}
}

@article{ocallaco2016,
  title={Effective medium theory for the conductivity of disordered metallic nanowire networks},
  author={O'Callaghan, Colin and da Rocha, Claudia Gomes and Manning, Hugh G and Boland, John J and Ferreira, Mauro S},
  journal={Physical Chemistry Chemical Physics},
  volume={18},
  number={39},
  pages={27564--27571},
  year={2016},
  publisher={Royal Society of Chemistry}
}


@article{nirmalraj2009,
  title={Electrical connectivity in single-walled carbon nanotube networks},
  author={Nirmalraj, Peter N and Lyons, Philip E and De, Sukanta and Coleman, Jonathan N and Boland, John J},
  journal={Nano letters},
  volume={9},
  number={11},
  pages={3890--3895},
  year={2009},
  publisher={ACS Publications}
}

@article{hecht2006,
  title={Conductivity scaling with bundle length and diameter in single walled carbon nanotube networks},
  author={Hecht, David and Hu, Liangbing and Gr{\"u}ner, George},
  journal={Applied Physics Letters},
  volume={89},
  number={13},
  pages={133112},
  year={2006},
  publisher={AIP}
}
@article{sakunta2009,
author = {De, S. and Higgins, T. M. and Lyons, P. E. and Doherty, E. M. and Nirmalraj, P. N.  and Blau, W. J. and Boland, J. J. and Coleman, J. N.},
title = {Silver Nanowire Networks as Flexible, Transparent, Conducting Films: Extremely High DC to Optical Conductivity Ratios},
journal = {ACS Nano},
volume = {3},
number = {7},
pages = {1767-1774},
year = {2009},
}

@article{sukanta2011,
author = {De,S. and Coleman,J. N.},
title = {The Effects of Percolation in Nanostructured Transparent Conductors},
journal = {MRS Bulletin},
volume = {36},
issue = {10},
month = {10},
year = {2011},
issn = {1938-1425},
pages = {774--781},
numpages = {8},
}

@article{russo2009,
  title={Study of multilevel programming in programmable metallization cell (PMC) memory},
  author={Russo, Ugo and Kamalanathan, Deepak and Ielmini, Daniele and Lacaita, Andrea L and Kozicki, Michael N},
  journal={IEEE transactions on electron devices},
  volume={56},
  number={5},
  pages={1040--1047},
  year={2009},
  publisher={IEEE}
}


@article{manning2017,
author = {Manning, Hugh G. and Biswas, Subhajit and Holmes, Justin D. and Boland, John J.},
title = {Nonpolar Resistive Switching in Ag/TiO2 Core-Shell Nanowires},
journal = {ACS Applied Materials \& Interfaces},
volume = {9},
number = {44},
pages = {38959-38966},
year = {2017},
doi = {10.1021/acsami.7b10666},
    note ={PMID: 29027461},

URL = { 
        https://doi.org/10.1021/acsami.7b10666
    
},
eprint = { 
        https://doi.org/10.1021/acsami.7b10666
    
}

}

@book{berg2014,
  title={Complex analysis},
  author={Berg, Christian},
  year={2014},
  publisher={Department of Mathematical Sciences, University of Copenhagen}
}


@inproceedings{jameson2013,
  title={Conductive-bridge memory (CBRAM) with excellent high-temperature retention},
  author={Jameson, JR and Blanchard, P and Cheng, C and Dinh, J and Gallo, A and Gopalakrishnan, V and Gopalan, C and Guichet, B and Hsu, S and Kamalanathan, D and others},
  booktitle={Electron Devices Meeting (IEDM), 2013 IEEE International},
  pages={30--1},
  year={2013},
  organization={IEEE}
}


@book{ielmini2015,
  title={Resistive switching: from fundamentals of nanoionic redox processes to memristive device applications},
  author={Ielmini, Daniele and Waser, Rainer},
  year={2015},
  publisher={John Wiley \& Sons}
}


@article{pan2014,
  title={Recent progress in resistive random access memories: materials, switching mechanisms, and performance},
  author={Pan, Feng and Gao, Shuang and Chen, Chao and Song, C and Zeng, F},
  journal={Materials Science and Engineering: R: Reports},
  volume={83},
  pages={1--59},
  year={2014},
  publisher={Elsevier}
}

@article{wuttig2007,
  title={Phase-change materials for rewriteable data storage},
  author={Wuttig, Matthias and Yamada, Noboru},
  journal={Nature materials},
  volume={6},
  number={11},
  pages={824},
  year={2007},
  publisher={Nature Publishing Group}
}

@article{de2009,
  title={Silver nanowire networks as flexible, transparent, conducting films: extremely high DC to optical conductivity ratios},
  author={De, Sukanta and Higgins, Thomas M and Lyons, Philip E and Doherty, Evelyn M and Nirmalraj, Peter N and Blau, Werner J and Boland, John J and Coleman, Jonathan N},
  journal={ACS nano},
  volume={3},
  number={7},
  pages={1767--1774},
  year={2009},
  publisher={ACS Publications}
}

@article{lyons2008,
  title={The relationship between network morphology and conductivity in nanotube films},
  author={Lyons, Philip E and De, Sukanta and Blighe, Fiona and Nicolosi, Valeria and Pereira, Luiz Felipe C and Ferreira, Mauro S and Coleman, Jonathan N},
  journal={Journal of Applied Physics},
  volume={104},
  number={4},
  pages={044302},
  year={2008},
  publisher={AIP}
}

@article{aguirre2006,
  title={Carbon nanotube sheets as electrodes in organic light-emitting diodes},
  author={Aguirre, CM and Auvray, S and Pigeon, S and Izquierdo, R and Desjardins, P and Martel, R},
  journal={Applied Physics Letters},
  volume={88},
  number={18},
  pages={183104},
  year={2006},
  publisher={AIP}
}

@article{hu2004,
author = {Hu, L. and Hecht, D. S. and Grüner, G.},
title = {Percolation in Transparent and Conducting Carbon Nanotube Networks},
journal = {Nano Letters},
volume = {4},
number = {12},
pages = {2513-2517},
year = {2004},
doi = {10.1021/nl048435y},

URL = { 
        https://doi.org/10.1021/nl048435y
    
},
eprint = { 
        https://doi.org/10.1021/nl048435y
    
}

}

@article{bellew2014,
  title={Programmability of nanowire networks},
  author={Bellew, Allen T and Bell, Alan P and McCarthy, Eoin K and Fairfield, Jessamyn A and Boland, John J},
  journal={Nanoscale},
  volume={6},
  number={16},
  pages={9632--9639},
  year={2014},
  publisher={Royal Society of Chemistry}
}


@article{kumar2010,
  title={The race to replace tin-doped indium oxide: which material will win?},
  author={Kumar, Akshay and Zhou, Chongwu},
  journal={ACS nano},
  volume={4},
  number={1},
  pages={11--14},
  year={2010},
  publisher={ACS Publications}
}

@article{hicks2009,
  title={Resistivity in percolation networks of one-dimensional elements with a length distribution},
  author={Hicks, Jeremy and Behnam, Ashkan and Ural, Ant},
  journal={Physical Review E},
  volume={79},
  number={1},
  pages={012102},
  year={2009},
  publisher={APS}
}

@article{sorel2012,
  title={The dependence of the optoelectrical properties of silver nanowire networks on nanowire length and diameter},
  author={Sorel, Sophie and Lyons, Philip E and De, Sukanta and Dickerson, Janet C and Coleman, Jonathan N},
  journal={Nanotechnology},
  volume={23},
  number={18},
  pages={185201},
  year={2012},
  publisher={IOP Publishing}
}

@article{sorel2014,
  title={Relationship between material properties and transparent heater performance for both bulk-like and percolative nanostructured networks},
  author={Sorel, Sophie and Bellet, Daniel and Coleman, Jonathan N},
  journal={ACS nano},
  volume={8},
  number={5},
  pages={4805--4814},
  year={2014},
  publisher={ACS Publications}
}

@article{ergun2016,
  title={High-performance, bare silver nanowire network transparent heaters},
  author={Ergun, Orcun and Coskun, Sahin and Yusufoglu, Yusuf and Unalan, Husnu Emrah},
  journal={Nanotechnology},
  volume={27},
  number={44},
  pages={445708},
  year={2016},
  publisher={IOP Publishing}
}

@article{balberg1983,
  title={Critical behavior of the two-dimensional sticks system},
  author={Balberg, I and Binenbaum, N and Anderson, CH},
  journal={Physical Review Letters},
  volume={51},
  number={18},
  pages={1605},
  year={1983},
  publisher={APS}
}
@article{lee2008,
  title={Solution-processed metal nanowire mesh transparent electrodes},
  author={Lee, Jung-Yong and Connor, Stephen T and Cui, Yi and Peumans, Peter},
  journal={Nano letters},
  volume={8},
  number={2},
  pages={689--692},
  year={2008},
  publisher={ACS Publications}
}

@article{strogatz2001,
author = {S. H. Strogatz},
title  = {Exploring complex networks},
journal  = {Nature},
volume  = {410},
pages  = {268},
year  = {2001},
}


@ARTICLE{west2015,
   author       = "B. J. West and M. Turalska and P. Grigolini", 
   title        = "Fractional calculus ties the microscopic and macroscopic scales of complex network dynamics", 
   journal      = "New Journal of Physics", 
   year         = "2015", 
   volume       = "17", 
   pages        = "045009", 
}


@ARTICLE{nirmalraj2012,
   author       = "P. N. Nirmalraj and A. T. Bellew and A. P. Bell and J. A. Fairfield and E. K. McCarthy and C. J. O'Kelly and L. F. C. Pereira and S. Sorel and D. Morosan and J. N. Coleman and M. S. Ferreira and J. J. Boland", 
   title        = "Manipulating connectivity and electrical conductivity in metallic nanowire networks", 
   journal      = "Nano Letters", 
   year         = "2012", 
   volume       = "12", 
   pages        = "5966", 
}

@article{stewart2014,
  title={Solution-processed copper--nickel nanowire anodes for organic solar cells},
  author={Stewart, Ian E and Rathmell, Aaron R and Yan, Liang and Ye, Shengrong and Flowers, Patrick F and You, Wei and Wiley, Benjamin J},
  journal={Nanoscale},
  volume={6},
  number={11},
  pages={5980--5988},
  year={2014},
  publisher={Royal Society of Chemistry}
}


@article{meng1998,
  title={Properties of indium tin oxide films prepared by rf reactive magnetron sputtering at different substrate temperature},
  author={Meng, Li-jian and Dos Santos, MP},
  journal={Thin Solid Films},
  volume={322},
  number={1-2},
  pages={56--62},
  year={1998},
  publisher={Elsevier}
}

@article{gemmill2004,
  title={SEM and FIB passive voltage contrast},
  author={Gemmill, Z and Durbha, L and Jacobson, S and Gao, G and Weaver, K},
  journal={Microelectronic Failure Analysis Desk Reference,},
  pages={431--437},
  year={2004}
}


@ARTICLE{avizienis2012,
   author       = "A. V. Avizienis and H. O. Sillin and C. Martin-Olmos and H. H. Shieh and M. Aono and A. Z. Stieg and J. K. Gimzewski", 
   title        = "Neuromorphic atomic switch networks", 
   journal      = "PLoS One", 
   year         = "2012", 
   volume       = "7", 
   pages        = "e42772", 
}

@ARTICLE{sillin2013,
   author       = "H. O. Sillin and R. Aguilera and H. -H. Shieh and A. V. Avizienis and M. Aono and A. Z. Stieg and J. K. Gimzewski", 
   title        = "A theoretical and experimental study of neuromorphic atomic switch networks for reservoir computing", 
   journal      = "Nanotechnology", 
   year         = "2013", 
   volume       = "24", 
   pages        = "384004", 
}

@article{phipps2008,
  title={Indium and gallium: long-term supply},
  author={Phipps, Gregory and Mikolajczak, Claire and Guckes, Terry},
  journal={Renewable energy focus},
  volume={9},
  number={4},
  pages={56--59},
  year={2008},
  publisher={Elsevier}
}

@article{chen2001,
  title={A mechanical assessment of flexible optoelectronic devices},
  author={Chen, Zhong and Cotterell, Brian and Wang, Wei and Guenther, Ewald and Chua, Soo-Jin},
  journal={Thin Solid Films},
  volume={394},
  number={1-2},
  pages={201--205},
  year={2001},
  publisher={Elsevier}
}


@BOOK{memristors2014,
   editor = "Ronald Tetzlaff",
   author = "",
   title = "Memristors and memristive systems",
   volume = "",
   series = "",
   publisher = "Springer-Verlag New York",
   address = "",
   edition = "",
   month = "",
   year = "2014",
   note = "",
}

@BOOK{strang1986,
   author = "Gilbert Strang",
   title = "Introduction to Applied Mathematics",
   volume = "",
   series = "",
   publisher = "Wesley-Cambridge Press",
   address = "",
   edition = "",
   month = "",
   year = "1986",
   note = "",
}

@ARTICLE{kelly2016,
   author       = "C. J. O'Kelly and J. A. Fairfield and D. McCloskey and H. G. Manning and J. F. Donegan and J. J. Boland", 
   title        = "Associative enhancement of time correlated response to heterogeneous stimuli in a neuromorphic nanowire device", 
   journal      = "Advanced Electronic Materials", 
   year         = "2016", 
   volume       = "2", 
   pages        = "1500458", 
}

@ARTICLE{jo2010,
   author       = "S. H. Jo and T. Chang and I. Ebong and B. B. Bhadviya and P. Mazumder and W. Lu", 
   title        = "Nanoscale memristor device as synapse in neuromorphic systems", 
   journal      = "Nano Letters", 
   year         = "2010", 
   volume       = "10", 
   pages        = "1297", 
}


@ARTICLE{jeong2012,
   author       = "D. S. Jeong and R. Thomas and R. Katiyar and J. Scott and H. Kohlstedt and A. Petraru and C. S. Hwang", 
   title        = "Emerging memories: resistive switching mechanisms and current status", 
   journal      = "Reports on Progress in Physics", 
   year         = "2012", 
   volume       = "75", 
   pages        = "076502", 
}

@ARTICLE{celano2016,
   author       = "U. Celano and G. Giammaria and L. Goux and A. Belmonte and M. Jurczak and W. Vandervorst", 
   title        = "Nanoscopic structural rearrangements of the Cu-filament in conductive-bridge memories", 
   journal      = "Nanoscale", 
   year         = "2016", 
   volume       = "8", 
   pages        = "13915", 
}

@ARTICLE{liang2014,
   author       = "J. Liang and L. Li and K. Tong and Z. Ren and W. Hu and X. Niu and Y. Chen and Q. Pei", 
   title        = "Silver nanowire percolation network Soldered with graphene oxide at room temperature and its application for fully stretchable polymer light-emitting diodes", 
   journal      = "ACS Nano", 
   year         = "2014", 
   volume       = "8", 
   pages        = "1590", 
}

@ARTICLE{bergin2012,
   author       = "S. M. Bergin and Y. -H. Chen and A. R. Rathmell and P. Charbonneau and Z. -Y. Li and B. J. Wiley", 
   title        = "The effect of nanowire length and diameter on the properties of transparent, conducting nanowire films", 
   journal      = "Nanoscale", 
   year         = "2012", 
   volume       = "4", 
   pages        = "1996", 
}

@ARTICLE{langley2013,
   author       = "D. Langley and G. Giusti and C. Mayousse and C. Celle and D. Bellet and J. -P. Simonato", 
   title        = "Flexible transparent conductive materials based on silver nanowire networks: a review", 
   journal      = "Nanotechnology", 
   year         = "2013", 
   volume       = "24", 
   pages        = "452001", 
}

@ARTICLE{dechan2015,
   author       = "D. Angmo and T. R. Andersen and J. J. Bentzen and M. Helgesen and R. R. S$\phi$ndergaard and M. J$\phi$rgensen and J. E. Carl\'{e} and E. Bundgaard and F. C. Krebs", 
   title        = "Roll-to-Roll printed silver nanowire semitransparent electrodes for fully ambient solution-processed tandem polymer solar cells", 
   journal      = "Advanced Functional Materials", 
   year         = "2015", 
   volume       = "25", 
   pages        = "4539", 
}

@ARTICLE{kim2013,
   author       = "A. Kim and Y. Won and K. Woo and C. -H. Kim and J. Moon", 
   title        = "Highly transparent low resistance ZnO/Ag Nanowire/ZnO composite electrode for thin film solar cells", 
   journal      = "ACS Nano", 
   year         = "2013", 
   volume       = "7", 
   pages        = "1081", 
}

@ARTICLE{choi2008,
   author       = "Y. -J. Choi and I. -S. Hwang and J. G. Park and K. J. Choi and J. -H. Park and J. -H. Lee", 
   title        = "Novel fabrication of an SnO$_2$ nanowire gas sensor with high sensitivity", 
   journal      = "Nanotechnology", 
   year         = "2008", 
   volume       = "19", 
   pages        = "095508", 
}

@ARTICLE{datta2014,
   author       = "N. Datta and N. S. Ramgir and S. Kumar and P. Veerender and M. Kaur and S. Kailasaganapathi and A. K. Debnath and D. K. Aswal and S. K. Gupta", 
   title        = "Role of various interfaces of CuO$/$ZnO random nanowire networks in H$_2$S sensing: an impedance and Kelvin probe analysis", 
   journal      = "Sensors and Actuators B: Chemical", 
   year         = "2014", 
   volume       = "202", 
   pages        = "1270", 
}

@ARTICLE{song2013,
   author       = "M. Song and D. S. You and K. Lim and S. Park and S. Jung and C. S. Kim and D. -H. Kim and D. -G. Kim and J. -K. Kim and J. Park and Y. -C. Kang and J. Heo and S. -H. Jin and J. H. Park and J. -W. Kang", 
   title        = "Highly efficient and bendable organic solar cells with solution-processed silver nanowire electrodes", 
   journal      = "Advanced Functional Materials", 
   year         = "2013", 
   volume       = "23", 
   pages        = "4177", 
}

@ARTICLE{groep2012,
   author       = "J. van de Groep and P. Spinelli and A. Polman", 
   title        = "Transparent conducting silver nanowire networks", 
   journal      = "Nano Letters", 
   year         = "2012", 
   volume       = "12", 
   pages        = "3138", 
}

@ARTICLE{liangbing2010,
   author       = "L. Hu and H. S. Kim and J. -Y. Lee and P. Peumans and Y. Cui", 
   title        = "Scalable coating and properties of transparent, flexible, silver nanowire electrodes", 
   journal      = "ACS Nano", 
   year         = "2010", 
   volume       = "4", 
   pages        = "2955", 
}

@ARTICLE{hwang2014,
   author       = "B. Hwang and H. -A. -S. Shin and T. Kim and Y. -C. Joo and S. M. Han", 
   title        = "Highly reliable Ag nanowire flexible transparent electrode with mechanically welded junctions", 
   journal      = "Small", 
   year         = "2014", 
   volume       = "10", 
   pages        = "3397", 
}

@ARTICLE{madaria2010,
   author       = "A. R. Madaria and A. Kumar and F. N. Ishikawa and C. Zhou", 
   title        = "Uniform, highly conductive, and patterned transparent films of a percolating silver nanowire network on rigid and flexible substrates using a dry transfer technique", 
   journal      = "Nano Research", 
   year         = "2010", 
   volume       = "3", 
   pages        = "564", 
}

@ARTICLE{ye2014,
   author       = "S. Ye and A. R. Rathmell and Z. Chen and I. E. Stewart and B. J. Wiley", 
   title        = "Metal nanowire networks: the next generation of transparent conductors", 
   journal      = "Advanced Materials", 
   year         = "2014", 
   volume       = "26", 
   pages        = "6670", 
}

@incollection{ye2014mem,
  title={Computing shortest paths in 2D and 3D memristive networks},
  author={Ye, Zhanyou and Wu, Shi Hong Marcus and Prodromakis, Themistoklis},
  booktitle={Memristor Networks},
  pages={537--552},
  year={2014},
  publisher={Springer}
}


@ARTICLE{park2015,
   author       = "H. -G. Park and G. -S. Heo and S. -G. Park and H. -C. Jeong and J. H. Lee and D. -S. Seo", 
   title        = "Silver nanowire networks as transparent conducting films for liquid crystal displays", 
   journal      = "ECS Solid State Letters", 
   year         = "2015", 
   volume       = "4", 
   pages        = "R50", 
}

@ARTICLE{miller2013,
   author       = "M. S. Miller and J. C. O'Kane and A. Niec and R. S. Carmichael and T. B. Carmichael", 
   title        = "Silver nanowire/optical adhesive coatings as transparent electrodes for flexible electronics", 
   journal      = "ACS Applied Materials \& Interfaces", 
   year         = "2013", 
   volume       = "5", 
   pages        = "10165", 
}

@ARTICLE{cserti2000,
   author       = "J. Cserti", 
   title        = "Application of the lattice Green's function for calculating the resistance of an infinite network of resistors", 
   journal      = "Am. J. Phys.", 
   year         = "2000", 
   volume       = "68", 
   pages        = "896", 
}

@ARTICLE{kirkpatrick1973,
   author       = "S. Kirkpatrick", 
   title        = "Percolation and conduction", 
   journal      = "Rev. Mod. Phys.", 
   year         = "1973", 
   volume       = "45", 
   pages        = "574", 
}

@ARTICLE{pike1974,
   author       = "G. E. Pike and C. H. Seager", 
   title        = "Percolation and conductivity: a computer study. I", 
   journal      = "Physical Review B", 
   year         = "1974", 
   volume       = "10", 
   pages        = "1421", 
}

@ARTICLE{kumar2016,
   author       = "A. Kumar and G. U. Kulkarni", 
   title        = "Evaluating conducting network based transparent electrodes from geometrical considerations", 
   journal      = "Journal of Applied Physics", 
   year         = "2016", 
   volume       = "119", 
   pages        = "015102", 
}

@ARTICLE{heitz2011,
   author       = "J. Heitz and Y. Leroy and L. H\'ebrard and C. Lallement", 
   title        = "Theoretical characterization of the topology of connected carbon nanotubes in random networks", 
   journal      = "Nanotechnology", 
   year         = "2011", 
   volume       = "22", 
   pages        = "345703", 
}

@ARTICLE{curtis-memory,
   author       = "C. J. O'Kelly and J. A. Fairfield and J. J. Boland", 
   title        = "A single nanoscale junction with programmable multilevel memory", 
   journal      = "ACS Nano", 
   year         = "2014", 
   volume       = "8", 
   pages        = "11724", 
}

@ARTICLE{dokholyan1999,
   author       = "N. V. Dokholyan and S. V. Buldyrev and S. Havlin and P. R. King and Y. Lee and H. E. Stanley", 
   title        = "Distribution of shortest paths in percolation", 
   journal      = "Physica A: Statistical Mechanics and its Applications", 
   year         = "1999", 
   volume       = "266", 
   pages        = "55", 
}

@article{christensen2002,
  title={Percolation theory},
  author={Christensen, Kim},
  journal={Imperial College London, London},
  volume={40},
  year={2002}
}


@book{pingsheng,
   title 		= "Scattering and localization of classical waves in random media",
   author 		= "P. Sheng",
   publisher	= "World Scientific",
   year 		= "1990",
}

@book{graph_book,
   title 		= "An introduction to grids, graphs and networks",
   author 		= "C. Pozrikidis",
   publisher	= "Oxford University Press",
   year 		= "2014",
}

@book{economou1984,
   title 		= "Green's functions in quantum physics",
   author 		= "E. N. Economou",
   volume 		= "3",
   year 		= "1984",
   publisher 	= "Springer",
}

@ARTICLE{ocallaghan2016,
   author       = "C. O'Callaghan and C. G. Rocha and H. G. Manning and J. J. Boland and M. S. Ferreira", 
   title        = "Effective medium theory for the conductivity of disordered metallic nanowire networks", 
   journal      = "Physical Chemistry Chemical Physics", 
   year         = "2016", 
   volume       = "18", 
   pages        = "27564", 
}

@ARTICLE{pietronero1994,
   author       = "L. Pietronero and A. Vespignani and S. Zapperi", 
   title        = "Renormalization scheme for self-organized criticality in sandpile models", 
   journal      = "Physical Review Letters", 
   year         = "1994", 
   volume       = "72", 
   pages        = "1690", 
}

@ARTICLE{priezzhev1996,
   author       = "V. B. Priezzhev and D. V. Ktitarev and E. V. Ivashkevich", 
   title        = "Formation of avalanches and critical exponents in an Abelian sandpile model", 
   journal      = "Physical Review Letters", 
   year         = "1996", 
   volume       = "76", 
   pages        = "2093", 
}


@ARTICLE{menzel2017,
  title= "Comprehensive modeling of electrochemical metallization memory cells",
  author= "Menzel, Stephan",
  journal= "Journal of Computational Electronics",
  volume= "16",
  number= "4",
  pages="1017-1037",
  year="2017",

}

@ARTICLE{menzel2015,
   author       = "S. Menzel and U. B{\"o}ttger and M. Wimmer and M. Salinga", 
   title        = "Physics of the switching kinetics in resistive memories", 
   journal      = "Adv. Funct. Mater.", 
   year         = "2015", 
   volume       = "25", 
   pages        = "6303", 
}

@ARTICLE{menzel2013,
   author       = "S. Menzel and R. Waser", 
   title        = "Analytical analysis of the generic SET and RESET characteristics of electrochemical metallization memory cells", 
   journal      = "Nanoscale", 
   year         = "2013", 
   volume       = "5", 
   pages        = "11003", 
}

@ARTICLE{chae2008,
  title={Random circuit breaker network model for unipolar resistance switching},
  author={Chae, Seung Chul and Lee, Jae Sung and Kim, Sejin and Lee, Shin Buhm and Chang, Seo Hyoung and Liu, Chunli and Kahng, Byungnam and Shin, Hyunjung and Kim, Dong-Wook and Jung, Chang Uk and Seo, Sunae and Lee, Myoung‐Jae and Noh, Tae Won},
  journal={Advanced Materials},
  volume={20},
  number={6},
  pages={1154-1159},
  year={2008}
}


@article{strukov2008,
  title={The missing memristor found},
  author={Strukov, Dmitri B and Snider, Gregory S and Stewart, Duncan R and Williams, R Stanley},
  journal={Nature},
  volume={453},
  number={7191},
  pages={80},
  year={2008},
}

@article{ielmini2011,
  title={Thermochemical resistive switching: materials, mechanisms, and scaling projections},
  author={Ielmini, Daniele and Bruchhaus, Rainer and Waser, Rainer},
  journal={Phase Transitions},
  volume={84},
  number={7},
  pages={570--602},
  year={2011},
  publisher={Taylor \& Francis}
}


@ARTICLE{hartmann2017,
   author       = "F. Hartmann and P. Maier and M. Rebello Sousa Dias and S. G{\"o}pfert and L. K. Castelano and M. Emmerling and C. Schneider and S. H{\"o}fling and M. Kamp and Y. V. Pershin and G. E. Marques and V. Lopez-Richard and L. Worschech", 
   title        = "Nanoscale tipping bucket effect in a quantum dot transistor-based counter", 
   journal      = "Nano Letters", 
   year         = "2017", 
   volume       = "17", 
   pages        = "2273", 
}

@ARTICLE{maier2016,
   author       = "P. Maier and F. Hartmann and M. Rebello Sousa Dias and M. Emmerling and C. Schneider and L. K. Castelano and M. Kamp and G. E. Marques and V. Lopez-Richard and L. Worschech and S. Hofling", 
   title        = "Mimicking of pulse shape-dependent learning rules with a quantum dot memristor", 
   journal      = "Journal of Applied Physics", 
   year         = "2016", 
   volume       = "120", 
   pages        = "134503", 
}

@ARTICLE{liu2006,
   author       = "Shangqing Liu and Naijuan Wua and Alex Ignatiev and Jianren Li", 
   title        = "Electric-pulse-induced capacitance change effect in perovskite oxide thin films", 
   journal      = "Journal of Applied Physics", 
   year         = "2006", 
   volume       = "100", 
   pages        = "056101", 
}

@ARTICLE{iijima1991,
  title={Helical microtubules of graphitic carbon},
  author={Iijima, Sumio},
  journal={nature},
  volume={354},
  number={6348},
  pages={56},
  year={1991},
  publisher={Nature Publishing Group}
}

@book{datta2005,
  title={Quantum transport: atom to transistor},
  author={Datta, Supriyo},
  year={2005},
  publisher={Cambridge university press}
}


@article{adelung1999,
  title={Nanowire networks on perfectly flat surfaces},
  author={Adelung, R and Kipp, L and Brandt, J and Tarcak, L and Traving, M and Kreis, C and Skibowski, M},
  journal={Applied physics letters},
  volume={74},
  number={20},
  pages={3053--3055},
  year={1999},
  publisher={AIP}
}

@book{guichard2017,
  title={An Introduction to Combinatorics and Graph Theory},
  author={Guichard, David},
  journal={Whitman College-Creative Commons.(Cit{\'e} en pages 33, 63 et 98.)},
  year={2017}
}


@article{lu2010,
  title={Tailoring of silver wires and their performance as transparent conductive coatings},
  author={Lu, YC and Chou, KS},
  journal={Nanotechnology},
  volume={21},
  number={21},
  pages={215707},
  year={2010},
  publisher={IOP Publishing}
}

@article{sampson2008,
  title={Unified theory for structural statistics of flocculated and random fibre networks},
  author={Sampson, WW},
  journal={Journal of Pulp and Paper Science},
  volume={34},
  number={2},
  pages={91--98},
  year={2008},
  publisher={PULP \& PAPER TECHNICAL ASSOC CANADA 740 NOTRE DAME WEST, STE 810, MONTREAL, PQ H3C 3X6, CANADA}
}


@article {tenent2009,
author = {Tenent, R. C. and Barnes, T. M. and Bergeson, J. D. and Ferguson, A. J. and To, B. and Gedvilas, L. M. and Heben, M. J. and Blackburn, J. L.},
title = {Ultrasmooth, Large-Area, High-Uniformity, Conductive Transparent Single-Walled-Carbon-Nanotube Films for Photovoltaics Produced by Ultrasonic Spraying},
journal = {Advanced Materials},
volume = {21},
number = {31},
publisher = {WILEY-VCH Verlag},
issn = {1521-4095},
pages = {3210--3216},
year = {2009},
}

@article{scardaci2011,
  title={Spray deposition of highly transparent, low-resistance networks of silver nanowires over large areas},
  author={Scardaci, Vittorio and Coull, Richard and Lyons, Philip E and Rickard, David and Coleman, Jonathan N},
  journal={Small},
  volume={7},
  number={18},
  pages={2621--2628},
  year={2011},
  publisher={Wiley Online Library}
}

@article{doherty2009,
  title={The spatial uniformity and electromechanical stability of transparent, conductive films of single walled nanotubes},
  author={Doherty, Evelyn M and De, Sukanta and Lyons, Philip E and Shmeliov, Aleksey and Nirmalraj, Peter N and Scardaci, Vittorio and Joimel, Jerome and Blau, Werner J and Boland, John J and Coleman, Jonathan N},
  journal={Carbon},
  volume={47},
  number={10},
  pages={2466--2473},
  year={2009},
  publisher={Elsevier}
}

@article{hardin2011,
title = "Laminating solution-processed silver nanowire mesh electrodes onto solid-state dye-sensitized solar cells ",
journal = "Organic Electronics ",
volume = "12",
number = "6",
pages = "875 - 879",
year = "2011",
note = "",
issn = "1566-1199",
author = "Hardin, B.E. and Gaynor, W. and Ding,I.D. and Rim,S.B and Peumans,P. and McGehee,M.D.",
}

@article {leem2011,
author = {Leem, D.S. and Edwards, A. and Faist, M. and Nelson, J. and Bradley, D. D. C. and de Mello, J. C.},
title = {Efficient Organic Solar Cells with Solution-Processed Silver Nanowire Electrodes},
journal = {Advanced Materials},
volume = {23},
number = {38},
publisher = {WILEY-VCH Verlag},
issn = {1521-4095},
year = {2011},
}

@article{liu2011,
  title={Silver nanowire-based transparent, flexible, and conductive thin film},
  author={Liu, Cai-Hong and Yu, Xun},
  journal={Nanoscale research letters},
  volume={6},
  number={1},
  pages={75},
  year={2011},
  publisher={Springer}
}

@article{finn2015,
  title={Inkjet printing of silver nanowire networks},
  author={Finn, David J and Lotya, Mustafa and Coleman, Jonathan N},
  journal={ACS applied materials \& interfaces},
  volume={7},
  number={17},
  pages={9254--9261},
  year={2015},
  publisher={ACS Publications}
}

@article{kim2016,
  title={Roll-to-roll slot-die coating of 400 mm wide, flexible, transparent Ag nanowire films for flexible touch screen panels},
  author={Kim, Dong-Ju and Shin, Hae-In and Ko, Eun-Hye and Kim, Ki-Hyun and Kim, Tae-Woong and Kim, Han-Ki},
  journal={Scientific reports},
  volume={6},
  pages={34322},
  year={2016},
  publisher={Nature Publishing Group}
}

@article{kim2011,
  title={Nanofilamentary resistive switching in binary oxide system; a review on the present status and outlook},
  author={Kim, Kyung Min and Jeong, Doo Seok and Hwang, Cheol Seong},
  journal={Nanotechnology},
  volume={22},
  number={25},
  pages={254002},
  year={2011},
  publisher={IOP Publishing}
}


@inproceedings{broadbent1957,
  title={Percolation processes: I. Crystals and mazes},
  author={Broadbent, Simon R and Hammersley, John M},
  booktitle={Mathematical Proceedings of the Cambridge Philosophical Society},
  volume={53},
  pages={629--641},
  year={1957},
  organization={Cambridge University Press}
}

@article{morgenstern2011,
  title={Ag-nanowire films coated with ZnO nanoparticles as a transparent electrode for solar cells},
  author={Morgenstern, Frederik SF and Kabra, Dinesh and Massip, Sylvain and Brenner, Thomas JK and Lyons, Philip E and Coleman, Jonathan N and Friend, Richard H},
  journal={Applied Physics Letters},
  volume={99},
  number={18},
  pages={242},
  year={2011},
  publisher={AIP}
}

@article{lan2013,
  title={Self-Assembled, Nanowire Network Electrodes for Depleted Bulk Heterojunction Solar Cells},
  author={Lan, Xinzheng and Bai, Jing and Masala, Silvia and Thon, Susanna M and Ren, Yuan and Kramer, Illan J and Hoogland, Sjoerd and Simchi, Arash and Koleilat, Ghada I and Paz-Soldan, Daniel and others},
  journal={Advanced Materials},
  volume={25},
  number={12},
  pages={1769--1773},
  year={2013},
  publisher={Wiley Online Library}
}

@article{lagrange2016,
  title={Understanding the mechanisms leading to failure in metallic nanowire-based transparent heaters, and solution for stability enhancement},
  author={Lagrange, M and Sannicolo, T and Mu{\~n}oz-Rojas, D and Lohan, B Guillo and Khan, A and Anikin, M and Jim{\'e}nez, C and Bruckert, F and Br{\'e}chet, Y and Bellet, D},
  journal={Nanotechnology},
  volume={28},
  number={5},
  pages={055709},
  year={2016},
  publisher={IOP Publishing}
}

@article{lagrange2015,
  title={Optimization of silver nanowire-based transparent electrodes: effects of density, size and thermal annealing},
  author={Lagrange, M and Langley, DP and Giusti, G and Jim{\'e}nez, C and Br{\'e}chet, Y and Bellet, D},
  journal={Nanoscale},
  volume={7},
  number={41},
  pages={17410--17423},
  year={2015},
  publisher={Royal Society of Chemistry}
}


@article{zhao2011,
  title={Electrical breakdown of nanowires},
  author={Zhao, Jiong and Sun, Hongyu and Dai, Sheng and Wang, Yan and Zhu, Jing},
  journal={Nano letters},
  volume={11},
  number={11},
  pages={4647--4651},
  year={2011},
  publisher={ACS Publications}
}

@article{valov2011,
  title={Electrochemical metallization memories-fundamentals, applications, prospects},
  author={Valov, Ilia and Waser, Rainer and Jameson, John R and Kozicki, Michael N},
  journal={Nanotechnology},
  volume={22},
  number={25},
  pages={254003},
  year={2011},
  publisher={IOP Publishing}
}

@article{hsu2013,
  title={Performance enhancement of metal nanowire transparent conducting electrodes by mesoscale metal wires},
  author={Hsu, Po-Chun and Wang, Shuang and Wu, Hui and Narasimhan, Vijay K and Kong, Desheng and Lee, Hye Ryoung and Cui, Yi},
  journal={Nature communications},
  volume={4},
  pages={2522},
  year={2013},
  publisher={Nature Publishing Group}
}

@article{valov2013,
  title={Cation-based resistance change memory},
  author={Valov, Ilia and Kozicki, Michael N},
  journal={Journal of Physics D: Applied Physics},
  volume={46},
  number={7},
  pages={074005},
  year={2013},
  publisher={IOP Publishing}
}

@article{buffon,
 ISSN = {00029890, 19300972},
 URL = {http://www.jstor.org/stable/2317945},
 author = {J. F. Ramaley},
 journal = {The American Mathematical Monthly},
 number = {8},
 pages = {916--918},
 publisher = {Mathematical Association of America},
 title = {Buffon's Noodle Problem},
 volume = {76},
 year = {1969}
}


@article{waser2007,
  title={Nanoionics-based resistive switching memories},
  author={Waser, Rainer and Aono, Masakazu},
  journal={Nature materials},
  volume={6},
  number={11},
  pages={833},
  year={2007},
  publisher={Nature Publishing Group}
}

@article{yang2012,
  title={Observation of conducting filament growth in nanoscale resistive memories},
  author={Yang, Yuchao and Gao, Peng and Gaba, Siddharth and Chang, Ting and Pan, Xiaoqing and Lu, Wei},
  journal={Nature communications},
  volume={3},
  pages={732},
  year={2012},
  publisher={Nature Publishing Group}
}

@article{joshua2012,
  title={Engineering nonlinearity into memristors for passive crossbar applications},
  author={Joshua Yang, J and Zhang, M-X and Pickett, Matthew D and Miao, Feng and Paul Strachan, John and Li, Wen-Di and Yi, Wei and Ohlberg, Douglas AA and Joon Choi, Byung and Wu, Wei and others},
  journal={Applied Physics Letters},
  volume={100},
  number={11},
  pages={113501},
  year={2012},
  publisher={AIP}
}

@misc{shah2004,
  title={Nanocrystal and nanowire synthesis and dispersibility in supercritical fluids},
  author={Shah, Parag S and Hanrath, Tobias and Johnston, Keith P and Korgel, Brian A},
  year={2004},
  publisher={ACS Publications}
}

@article{pershin2010,
  title={Experimental demonstration of associative memory with memristive neural networks},
  author={Pershin, Yuriy V and Di Ventra, Massimiliano},
  journal={Neural Networks},
  volume={23},
  number={7},
  pages={881--886},
  year={2010},
  publisher={Elsevier}
}

@article{borghetti2009,
  title={A hybrid nanomemristor/transistor logic circuit capable of self-programming},
  author={Borghetti, Julien and Li, Zhiyong and Straznicky, Joseph and Li, Xuema and Ohlberg, Douglas AA and Wu, Wei and Stewart, Duncan R and Williams, R Stanley},
  journal={Proceedings of the National Academy of Sciences},
  volume={106},
  number={6},
  pages={1699--1703},
  year={2009},
  publisher={National Acad Sciences}
}


@article{chua2011,
  title={Resistance switching memories are memristors},
  author={Chua, Leon},
  journal={Applied Physics A},
  volume={102},
  number={4},
  pages={765--783},
  year={2011},
  publisher={Springer}
}

@article{chua1976,
  title={Memristive devices and systems},
  author={Chua, Leon O and Kang, Sung Mo},
  journal={Proceedings of the IEEE},
  volume={64},
  number={2},
  pages={209--223},
  year={1976},
  publisher={IEEE}
}

@article{chien2011,
  title={A novel Ni/WOx/W resistive random access memory with excellent retention and low switching current},
  author={Chien, Wei-Chih and Chen, Yi-Chou and Lee, Feng-Ming and Lin, Yu-Yu and Lai, Erh-Kun and Yao, Yeong-Der and Gong, Jeng and Horng, Sheng-Fu and Yeh, Chiao-Wen and Tsai, Shih-Chang and others},
  journal={Japanese Journal of Applied Physics},
  volume={50},
  number={4S},
  pages={04DD11},
  year={2011},
  publisher={IOP Publishing}
}

@inproceedings{wang2012,
  title={Highly compact 1T-1R architecture (4F 2 footprint) involving fully CMOS compatible vertical GAA nano-pillar transistors and oxide-based RRAM cells exhibiting excellent NVM properties and ultra-low power operation},
  author={Wang, XP and Fang, Z and Li, X and Chen, B and Gao, B and Kang, JF and Chen, ZX and Kamath, A and Shen, NS and Singh, N and others},
  booktitle={Electron Devices Meeting (IEDM), 2012 IEEE International},
  pages={20--6},
  year={2012},
  organization={IEEE}
}

