@article{strogatz2001,
author = {S. H. Strogatz},
title  = {Exploring complex networks},
journal  = {Nature},
volume  = {410},
pages  = {268},
year  = {2001},
}

@article{newman2003,
author = {M. E. J. Newman},
title  = {The structure and function of complex networks},
journal  = {SIAM Rev.},
volume  = {45},
pages  = {167},
year  = {2003},
}

@article{west2015,
author = {West, B. J. and Turalska, M. and Grigolini, P.},
title  = {Fractional calculus ties the microscopic and macroscopic scales of complex network dynamics},
journal  = {New Journal of Physics},
volume  = {17},
pages  = {045009},
year  = {2015},
}

@article{holland2006,
author = {J. H. Holland},
title  = {Studying complex adaptive systems},
journal  = {Jrl. Syst. Sci. \& Complexity},
volume  = {19},
pages  = {1-8},
year  = {2006},
}

@book{chen2015,
author = {Chen, Guanrong and Wang, Xiaofan and Li, Xiang},
title  = {Fundamentals of complex networks: models, structures and dynamics},
publisher = {John Wiley \& Sons},
month = {June},
year = {2015},
}

@article{portillo2009,
author = {Portillo, I. J. G. and Gleiser, P. M.},
title  = {An Adaptive Complex Network Model for Brain Functional Networks},
journal  = {PLoS One},
volume = {4},
pages = {e6863},
year  = {2009},
}

@article{sengupta2014,
author = {Sengupta, B. and Stemmler, M. B.},
title  = {Power Consumption During Neuronal Computation},
journal  = {Proc. IEEE},
volume = {102},
pages = {738},
year  = {2014},
}

@article{mead1990,
author = {C. Mead},
title  = {Neuromorphic electronic systems},
journal  = {Proc. IEEE},
volume = {78},
pages = {1629},
year  = {1990},
}

@article{calimera2013,
author = {Calimera, A. and Macii, E. and M. Poncino},
title  = {The Human Brain Project and neuromorphic computing},
journal  = {Functional Neurology},
volume = {28},
pages = {191},
year  = {2013},
}

@article{prezioso2015,
author = {Prezioso, M. and Merrikh-Bayat, F. and Hoskins, B. D. and Adam, G. C. and Likharev, K. K. and Strukov, D. B.},
title = {Training and operation of an integrated neuromorphic network based on metal-oxide memristors},
journal = {Nature},
volume = {521},
pages = {61},
year = {2015},
}

@article{kim2012,
author = {Kim, K.-H. and Gaba, S. and Wheeler, D. and Cruz-Albrecht, J. M. and Hussain, T. and Srinivasa, N. and Lu, W.},
title = {A functional hybrid memristor crossbar-array/CMOS system for data storage and neuromorphic applications},
journal = {Nano Lett.},
volume = {12},
pages = {389},
year = {2012},
}


@article{yang2013,
author = {Yang,  J. Joshua and Strukov, Dmitri B. and Stewart R., Duncan},
title = {Memristive devices for computing},
journal = {Nature Nanotechnology},
volume = {8},
pages = {13},
year = {2013},
}

@article{indiveri2013,
author = {Indiveri, Giacomo and Linares-Barranco, Bernab\'{e} and Legenstein, Robert and Deligeorgis, George and Prodromakis,Themistoklis},
title = {Integration of nanoscale memristor synapses in neuromorphic computing architectures},
journal = {Nanotechnology},
volume = {24},
pages = {384010},
year = {2013},
}

@article{demis2016,
author = {Demis, E. C. and Aguilera, R. and Scharnhorst, K. and Aono, M. and Stieg, A. Z. and Gimzewski, J. K.},
title = {Nanoarchitectonic atomic switch networks for unconventional computing},
journal = {Japanese Journal of Applied Physics},
volume = {55},
pages = {1102B2},
year = {2016},
}

@article{sillin2013,
author = {Sillin, H. O. and Aguilera, R. and Shieh, H.-H. and Avizienis, A. V. and Aono, M. and Stieg, A. Z. and Gimzewski, J. K.},
title = {A theoretical and experimental study of neuromorphic atomic switch networks for reservoir computing},
journal = {Nanotechnology},
volume = {24},
pages = {384004},
year = {2013},
}

@article{chua1971,
author = {L. Chua},
journal = {IEEE Trans. Circuit Theory},
title = {Memristor-The missing circuit element},
volume = {18},
pages = {507},
year = {1971},
}

@book{memristors2014,
editor = {Ronald Tetzlaff},
title  = {Memristors and memristive systems},
publisher = {Springer-Verlag New York},
year = {2014},
}

@article{kelly2016,
author = {O'Kelly, C. J. and Fairfield, J. A. and McCloskey, D. and Manning, H. G. and Donegan, J. F. and Boland, J. J.},
title = {Associative enhancement of time correlated response to heterogeneous stimuli in a neuromorphic nanowire device},
journal = {Advanced Electronic Materials},
volume = {2},
pages = {1500458},
year = {2016},
}

@article{jo2010,
author = {Jo, S. H. and Chang, T. and Ebong, I. and Bhadviya, B. B. and Mazumder, P. and Lu, W.},
title = {Nanoscale memristor device as synapse in neuromorphic systems},
journal = {Nano Lett.},
volume = {10},
pages = {1297},
year = {2010},
}

@article{lim2015,
author = {Lim, E. W. and Ismail, R.},
title = {Conduction mechanism of valence change resistive switching memory: a survey},
journal = {Electronics},
volume = {4},
pages = {586},
year = {2015},
}

@article{jeong2012,
author = {Jeong, D. S. and Thomas, R. and Katiyar, R. and Scott, J., Kohlstedt, H. and Petraru, A. and Hwang, C. S.},
title = {Emerging memories: resistive switching mechanisms and current status},
journal = {Reports on Progress in Physics},
volume = {75},
pages = {076502},
year = {2012},
}

@article{celano2016,
author = {Celano, U. and Giammaria, G. and Goux, L. and Belmonte, A. and Jurczak, M. and Vandervorst, W.},
title = {Nanoscopic structural rearrangements of the Cu-filament in conductive-bridge memories},
journal = {Nanoscale},
volume = {8},
pages = {13915},
year = {2016},
}

@article{scaling2017,
author = {Manning, H. G. and Bellew, A. T. and Rocha, C. G. and Niosi, F. and O’Callaghan, C. and Biswas, S. and Flowers, P. and Wiley, B. J. and Holmes, J. T. and Ferreira, M. S. and Boland, J. J.},
title = {Emergence of Winner-takes-all Connectivity Paths in Random Nanowire Networks},
journal = {to appear},
year = {2017}
}

@article{gemmill2004,
author = {Gemmill, Z. and Durbha, L. and Jacobson, S. and Gao, G. and Weaver, K.},
title = {SEM and FIB Passive Voltage Contrast},
journal = {Microelectronic Failure Analysis Desk Reference, 5th edn.},
number = {},
pages = {431-437},
year = {2004},
}

@article{fairfield2016,
author = {Fairfield, J. A. and Rocha, C. G. and O'Callaghan, C. and Ferreira, M. S. and Boland, J. J.},
title = {Co-percolation to tune conductive behaviour in dynamical metallic nanowire networks},
journal = {Nanoscale},
volume = {8},
pages = {18516},
year = {2016},
}

@article{rocha2015,
author={Rocha, C. G. and Manning, H. G. and O'Callaghan, C. and
Ritter, C. and Bellew, A. T. and Boland, J. J. and Ferreira, M. S.},
title={Ultimate conductivity performance in metallic nanowire networks},
journal={Nanoscale},
volume={7},
pages={13011},
year={2015},
}

@article{snider2007,
author={Snider, G. S.},
title={Self-organized computation with unreliable, memristive nanodevices},
journal={Nanotechnology},
volume={18},
pages={365202},
year={2007},
}

@article{bellew2015,
author = {Bellew, A. T. and Manning, H. G. and Rocha, C. G. and Ferreira, M. S. and Boland, J. J.},
title = {Resistance of single Ag nanowire junctions and their role in the conductivity of nanowire networks},
journal = {ACS Nano},
volume = {9},
pages = {11422},
year = {2015},
}








@article{liang2014,
author = {Jiajie Liang and Lu Li and Kwing Tong and Zhi Ren and Wei Hu and Xiaofan Niu and Yongsheng Chen and Qibing Pei},
title = {Silver Nanowire Percolation Network Soldered with Graphene Oxide at Room Temperature and Its Application for Fully Stretchable Polymer Light-Emitting Diodes},
journal = {ACS Nano},
volume = {8},
number = {2},
pages = {1590-1600},
year = {2014},
doi = {10.1021/nn405887k},
    note ={PMID: 24471886},

URL = { 
        http://dx.doi.org/10.1021/nn405887k
    
},
eprint = { 
        http://dx.doi.org/10.1021/nn405887k
    
}

}
@Article{bergin2012,
author ="Bergin, Stephen M. and Chen, Yu-Hui and Rathmell, Aaron R. and Charbonneau, Patrick and Li, Zhi-Yuan and Wiley, Benjamin J.",
title  ="The effect of nanowire length and diameter on the properties of transparent{,} conducting nanowire films",
journal  ="Nanoscale",
year  ="2012",
volume  ="4",
issue  ="6",
pages  ="1996-2004",
publisher  ="The Royal Society of Chemistry",
doi  ="10.1039/C2NR30126A",
url  ="http://dx.doi.org/10.1039/C2NR30126A",
}
@article{langley2013,
  author={Daniel Langley and Gaël Giusti and Céline Mayousse and Caroline Celle and Daniel Bellet and Jean-Pierre Simonato},
  title={Flexible transparent conductive materials based on silver nanowire networks: areview},
  journal={Nanotechnology},
  volume={24},
  number={45},
  pages={452001},
  url={http://stacks.iop.org/0957-4484/24/i=45/a=452001},
  year={2013},
  }
	
@article {dechan2015,
author = {Angmo, Dechan and Andersen, Thomas R. and Bentzen, Janet J. and Helgesen, Martin and Søndergaard, Roar R. and Jørgensen, Mikkel and Carlé, Jon E. and Bundgaard, Eva and Krebs, Frederik C.},
title = {Roll-to-Roll Printed Silver Nanowire Semitransparent Electrodes for Fully Ambient Solution-Processed Tandem Polymer Solar Cells},
journal = {Advanced Functional Materials},
volume = {25},
number = {28},
issn = {1616-3028},
url = {http://dx.doi.org/10.1002/adfm.201501887},
doi = {10.1002/adfm.201501887},
pages = {4539--4547},
keywords = {polymer solar cells, roll-to-roll, silver nanowires, optoelectronics, electrodes},
year = {2015},
}

@article{kim2013,
author = {Areum Kim and Yulim Won and Kyoohee Woo and Chul-Hong Kim and Jooho Moon},
title = {Highly Transparent Low Resistance ZnO/Ag Nanowire/ZnO Composite Electrode for Thin Film Solar Cells},
journal = {ACS Nano},
volume = {7},
number = {2},
pages = {1081-1091},
year = {2013},
doi = {10.1021/nn305491x},
    note ={PMID: 23330971},

URL = { 
        http://dx.doi.org/10.1021/nn305491x
    
},
eprint = { 
        http://dx.doi.org/10.1021/nn305491x
    
}

}

  	
@article{choi2008,
  author={Young-Jin Choi and In-Sung Hwang and Jae-Gwan Park and Kyoung Jin Choi and Jae-Hwan Park and Jong-Heun Lee},
  title={Novel fabrication of an SnO 2 nanowire gas sensor with high sensitivity},
  journal={Nanotechnology},
  volume={19},
  number={9},
  pages={095508},
  url={http://stacks.iop.org/0957-4484/19/i=9/a=095508},
  year={2008},
  }
}
	
   
@article{datta2014,
title = "Role of various interfaces of CuO/ZnO random nanowire networks in \{H2S\} sensing: An impedance and Kelvin probe analysis ",
journal = "Sensors and Actuators B: Chemical ",
volume = "202",
number = "",
pages = "1270 - 1280",
year = "2014",
note = "",
issn = "0925-4005",
doi = "http://dx.doi.org/10.1016/j.snb.2014.06.072",
url = "http://www.sciencedirect.com/science/article/pii/S0925400514007618",
author = "Niyanta Datta and Niranjan S. Ramgir and Suresh Kumar and P. Veerender and M. Kaur and S. Kailasaganapathi and A.K. Debnath and D.K. Aswal and S.K. Gupta",
keywords = "ZnO",
keywords = "Nanowires",
keywords = "Impedance measurements",
keywords = "Work function",
keywords = "Band bending "
}



@article {song2013,
author = {Song, Myungkwan and You, Dae Sung and Lim, Kyounga and Park, Sujin and Jung, Sunghoon and Kim, Chang Su and Kim, Dong-Ho and Kim, Do-Geun and Kim, Jongk-Kuk and Park, Juyun and Kang, Yong-Cheol and Heo, Jinhee and Jin, Sung-Ho and Park, Jong Hyun and Kang, Jae-Wook},
title = {Highly Efficient and Bendable Organic Solar Cells with Solution-Processed Silver Nanowire Electrodes},
journal = {Advanced Functional Materials},
volume = {23},
number = {34},
publisher = {WILEY-VCH Verlag},
issn = {1616-3028},
url = {http://dx.doi.org/10.1002/adfm.201202646},
doi = {10.1002/adfm.201202646},
pages = {4177--4184},
keywords = {organic solar cells, silver nanowires, solution-processed, transparent, conducting electrode},
year = {2013},
}

@article{groep2012,
author = {Jorik van de Groep and Pierpaolo Spinelli and Albert Polman},
title = {Transparent Conducting Silver Nanowire Networks},
journal = {Nano Letters},
volume = {12},
number = {6},
pages = {3138-3144},
year = {2012},
doi = {10.1021/nl301045a},
    note ={PMID: 22554260},

URL = { 
        http://dx.doi.org/10.1021/nl301045a
    
},
eprint = { 
        http://dx.doi.org/10.1021/nl301045a
    
}

}


@article{liangbing2010,
author = {Liangbing Hu and Han Sun Kim and Jung-Yong Lee and Peter Peumans and Yi Cui},
title = {Scalable Coating and Properties of Transparent, Flexible, Silver Nanowire Electrodes},
journal = {ACS Nano},
volume = {4},
number = {5},
pages = {2955-2963},
year = {2010},
doi = {10.1021/nn1005232},
    note ={PMID: 20426409},

URL = { 
        http://dx.doi.org/10.1021/nn1005232
    
},
eprint = { 
        http://dx.doi.org/10.1021/nn1005232
    
}

}




@article {hwang2014,
author = {Hwang, Byungil and Shin, Hae-A-Seul and Kim, Taegeon and Joo, Young-Chang and Han, Seung Min},
title = {Highly Reliable Ag Nanowire Flexible Transparent Electrode with Mechanically Welded Junctions},
journal = {Small},
volume = {10},
number = {16},
issn = {1613-6829},
url = {http://dx.doi.org/10.1002/smll.201303906},
doi = {10.1002/smll.201303906},
pages = {3397--3404},
keywords = {transparent electrodes, Ag nanowires, fatigue, bending, flexible substrates},
year = {2014},
}

@Article{madaria2010,
author="Madaria, Anuj R.
and Kumar, Akshay
and Ishikawa, Fumiaki N.
and Zhou, Chongwu",
title="Uniform, highly conductive, and patterned transparent films of a percolating silver nanowire network on rigid and flexible substrates using a dry transfer technique",
journal="Nano Research",
year="2010",
volume="3",
number="8",
pages="564--573",
issn="1998-0000",
doi="10.1007/s12274-010-0017-5",
url="http://dx.doi.org/10.1007/s12274-010-0017-5"
}



@article{ye2014,
  title={Metal Nanowire Networks: The Next Generation of
Transparent Conductors},
  author={Ye, Shengrong and Rathmell, Aaron R. and Chen, Zuofeng and  Stewart, Ian E. and Wiley, Benjamin J.},
  journal={Advanced Materials},
  volume={26},
  number={},
  pages={6670},
  year={2014},
  publisher={}
}

@article{park2015,
  title={Silver Nanowire Networks as Transparent Conducting Films for Liquid Crystal Displays},
  author={Park, Hong-Gyu and Heo, Gi-Seok and Park, Sang-Geon and Jeong, Hae-Chang and Lee, Ju Hwan and Seo, Dae-Shik},
  journal={ECS Solid State Lett.},
  volume={4},
  number={},
  pages={R50},
  year={2015},
  publisher={}
}

@article{miller2013,
  title={Silver Nanowire/Optical Adhesive Coatings as Transparent Electrodes for Flexible Electronics},
  author={Miller, Michael S. and O'Kane, Jessica C. and Niec, Adrian and Carmichael, R. Stephen and Carmichael, Tricia Breen},
  journal={ACS Appl. Mater. Interfaces},
  volume={5},
  number={},
  pages={10165},
  year={2013},
  publisher={}
}

@article{cserti2000,
  title={Application of the lattice Green's function for calculating the resistance of an infinite network of resistors},
  author={Cserti, J.},
  journal={Am. J. Phys. },
  volume={68},
  number={},
  pages={896},
  year={2000},
  publisher={}
}

@article{kirkpatrick1973,
  title={Percolation and Conduction},
  author={Kirkpatrick, S.},
  journal={Rev. Mod. Phys. },
  volume={45},
  number={},
  pages={574},
  year={1973},
  publisher={}
}




@article{pike1974,
  title = {Percolation and conductivity: A computer study. I},
  author = {Pike, G. E. and Seager, C. H.},
  journal = {Phys. Rev. B},
  volume = {10},
  issue = {4},
  pages = {1421--1434},
  numpages = {0},
  year = {1974},
  month = {Aug},
  publisher = {American Physical Society},
  doi = {10.1103/PhysRevB.10.1421},
  url = {http://link.aps.org/doi/10.1103/PhysRevB.10.1421}
}
@article{kumar2016,
   author = "Kumar, Ankush and Kulkarni, G. U.",
   title = "Evaluating conducting network based transparent electrodes from geometrical considerations",
   journal = "Journal of Applied Physics",
   year = "2016",
   volume = "119",
   number = "1", 
   eid = 015102,
   pages = "",
   url = "http://scitation.aip.org/content/aip/journal/jap/119/1/10.1063/1.4939280",
   doi = "http://dx.doi.org/10.1063/1.4939280" 
}


  	
@article{heitz2011,
  author="Jérôme Heitz and Yann Leroy and Luc Hébrard and Christophe Lallement",
  title="Theoretical characterization of the topology of connected carbon nanotubes in random networks",
  journal="Nanotechnology",
  volume="22",
  number="34",
  pages="345703",
  url="http://stacks.iop.org/0957-4484/22/i=34/a=345703",
  year="2011",
 
}


@article{mutiso2013,
author = {R. M. Mutiso and M.C. Sherrott and A.R. Rathmell and B.J. Wiley and K.I. Winey},
title = {Integrating Simulations and Experiments To Predict Sheet Resistance and Optical Transmittance in Nanowire Films for Transparent Conductors},
journal = {ACS Nano},
volume = {7},
number = {9},
pages = {7654-7663},
year = {2013},
}


	





@article{curtis-memory,
author = {Curtis OâKelly and Jessamyn A. Fairfield and John J. Boland},
title = {A Single Nanoscale Junction with Programmable Multilevel Memory},
journal = {ACS Nano},
volume = {8},
number = {11},
pages = {11724-11729},
year = {2014},
doi = {10.1021/nn505139m},
    note ={PMID: 25323650},

URL = { 
        http://dx.doi.org/10.1021/nn505139m
    
},
eprint = { 
        http://dx.doi.org/10.1021/nn505139m
    
}

}

@article{dokholyan1999,
title = "Distribution of shortest paths in percolation ",
journal = "Physica A: Statistical Mechanics and its Applications ",
volume = "266",
number = "1–4",
pages = "55 - 61",
year = "1999",
note = "",
issn = "0378-4371",
doi = "http://dx.doi.org/10.1016/S0378-4371(98)00574-3",
url = "http://www.sciencedirect.com/science/article/pii/S0378437198005743",
author = "Nikolay V Dokholyan and Sergey V Buldyrev and Shlomo Havlin and Peter R King and Youngki Lee and H.Eugene Stanley",
keywords = "Scaling Ansatz",
keywords = "Percolation",
keywords = "Finite-size effect ",
abstract = "We present a scaling Ansatz for the distribution function of the shortest paths connecting any two points on a percolating cluster which accounts for (i) the effect of the finite size of the system, and (ii) the dependence of this distribution on the site occupancy probability p. We present evidence supporting the scaling Ansatz for the case of two-dimensional percolation. "
}


@book{pingsheng,
  title = {Scattering and localization of classical waves in random media},
  author = {Sheng P.},
  publisher={World Scientific},
  year = {1990}
}

@book{graph_book,
  title = {An Intrduction to Grids, Graphs and Networks},
  author = {Pozrikidis,C.},
  publisher={Oxford University Press},
  year = {2014}
}

@book{economou1984,
  title={Green's functions in quantum physics},
  author={Economou, Eleftherios N},
  volume={3},
  year={1984},
  publisher={Springer}
}

@article{li2009,
  title = {Finite-size scaling in stick percolation},
  author = {Li, J. and Zhang, S.L.},
  journal = {Phys. Rev. E},
  volume = {80},
  issue = {4},
  pages = {040104},
  numpages = {4},
  year = {2009},
  month = {Oct},
  publisher = {American Physical Society},
}
@article{zezelj2012,
  title = {From percolating to dense random stick networks: Conductivity model investigation},
  author = {\ifmmode \check{Z}\else \v{Z}\fi{}e\ifmmode \check{z}\else \v{z}\fi{}elj, Milan and Stankovi\ifmmode \acute{c}\else \'{c}\fi{}, Igor},
  journal = {Phys. Rev. B},
  volume = {86},
  issue = {13},
  pages = {134202},
  numpages = {6},
  year = {2012},
  month = {Oct},
  publisher = {American Physical Society},
  doi = {10.1103/PhysRevB.86.134202},
  url = {http://link.aps.org/doi/10.1103/PhysRevB.86.134202}
}

@article{ashkan2007,
  title = {Computational study of geometry-dependent resistivity scaling in single-walled carbon nanotube films},
  author = {Behnam, Ashkan and Ural, Ant},
  journal = {Phys. Rev. B},
  volume = {75},
  issue = {12},
  pages = {125432},
  numpages = {8},
  year = {2007},
  month = {Mar},
  publisher = {American Physical Society},
  doi = {10.1103/PhysRevB.75.125432},
  url = {http://link.aps.org/doi/10.1103/PhysRevB.75.125432}
}

@article{braunstein2003,
  title={Optimal paths in disordered complex networks},
  author={Braunstein, Lidia A and Buldyrev, Sergey V and Cohen, Reuven and Havlin, Shlomo and Stanley, H Eugene},
  journal={Physical review letters},
  volume={91},
  number={16},
  pages={168701},
  year={2003},
  publisher={APS}
}

@article{watts1998,
  title={Collective dynamics of ‘small-world’networks},
  author={Watts, Duncan J and Strogatz, Steven H},
  journal={nature},
  volume={393},
  number={6684},
  pages={440--442},
  year={1998},
  publisher={Nature Publishing Group}
}




@article{sannicolo2016,
author = {Sannicolo, Thomas and Muñoz-Rojas, David and Nguyen, Ngoc Duy and Moreau, Stéphane and Celle, Caroline and Simonato, Jean-Pierre and Bréchet, Yves and Bellet, Daniel},
title = {Direct Imaging of the Onset of Electrical Conduction in Silver Nanowire Networks by Infrared Thermography: Evidence of Geometrical Quantized Percolation},
journal = {Nano Letters},
volume = {16},
number = {11},
pages = {7046-7053},
year = {2016},
doi = {10.1021/acs.nanolett.6b03270},
    note ={PMID: 27753494},

URL = { 
        http://dx.doi.org/10.1021/acs.nanolett.6b03270
    
},
eprint = { 
        http://dx.doi.org/10.1021/acs.nanolett.6b03270
    
}

}

@Article{langley2014,
author ="Langley, D. P. and Lagrange, M. and Giusti, G. and Jimenez, C. and Brechet, Y. and Nguyen, N. D. and Bellet, D.",
title  ="Metallic nanowire networks: effects of thermal annealing on electrical resistance",
journal  ="Nanoscale",
year  ="2014",
volume  ="6",
issue  ="22",
pages  ="13535-13543",
publisher  ="The Royal Society of Chemistry",
doi  ="10.1039/C4NR04151H",
url  ="http://dx.doi.org/10.1039/C4NR04151H",
abstract  ="Metallic nanowire networks have huge potential in devices requiring transparent electrodes. This article describes how the electrical resistance of metal nanowire networks evolve under thermal annealing. Understanding the behavior of such films is crucial for the optimization of transparent electrodes which find many applications. An in-depth investigation of silver nanowire networks under different annealing conditions provides a case study demonstrating that several mechanisms{,} namely local sintering and desorption of organic residues{,} are responsible for the reduction of the systems electrical resistance. Optimization of the annealing led to specimens with transmittance of 90% (at 550 nm) and sheet resistance of 9.5 [capital Omega] sq-1. Quantized steps in resistance were observed and a model is proposed which provides good agreement with the experimental results. In terms of thermal behavior{,} we demonstrate that there is a maximum thermal budget that these electrodes can tolerate due to spheroidization of the nanowires. This budget is determined by two main factors: the thermal loading and the wire diameter. This result enables the fabrication and optimization of transparent metal nanowire electrodes for solar cells{,} organic electronics and flexible displays."}


@article{fairfield2014,
author = {Fairfield, Jessamyn A. and Ritter, Carlos and Bellew, Allen T. and McCarthy, Eoin K. and Ferreira, Mauro S. and Boland, John J.},
title = {Effective Electrode Length Enhances Electrical Activation of Nanowire Networks: Experiment and Simulation},
journal = {ACS Nano},
volume = {8},
number = {9},
pages = {9542-9549},
year = {2014},
doi = {10.1021/nn5038515},
    note ={PMID: 25153920},

URL = { 
        http://dx.doi.org/10.1021/nn5038515
    
},
eprint = { 
        http://dx.doi.org/10.1021/nn5038515
    
}

}

@article {waser2009,
author = {Waser, Rainer and Dittmann, Regina and Staikov, Georgi and Szot, Kristof},
title = {Redox-Based Resistive Switching Memories – Nanoionic Mechanisms, Prospects, and Challenges},
journal = {Advanced Materials},
volume = {21},
number = {25-26},
publisher = {WILEY-VCH Verlag},
issn = {1521-4095},
url = {http://dx.doi.org/10.1002/adma.200900375},
doi = {10.1002/adma.200900375},
pages = {2632--2663},
keywords = {data storage, defects, electrochemical metallization cells, memory devices, memristors, resistive switching oxides, valence change},
year = {2009},
}

@article{lim2015,
AUTHOR = {Lim, Ee Wah and Ismail, Razali},
TITLE = {Conduction Mechanism of Valence Change Resistive Switching Memory: A Survey},
JOURNAL = {Electronics},
VOLUME = {4},
YEAR = {2015},
NUMBER = {3},
PAGES = {586--613},
URL = {http://www.mdpi.com/2079-9292/4/3/586},
ISSN = {2079-9292},
ABSTRACT = {Resistive switching effect in transition metal oxide (TMO) based material is often associated with the valence change mechanism (VCM). Typical modeling of valence change resistive switching memory consists of three closely related phenomena, i.e., conductive filament (CF) geometry evolution, conduction mechanism and temperature dynamic evolution. It is widely agreed that the electrochemical reduction-oxidation (redox) process and oxygen vacancies migration plays an essential role in the CF forming and rupture process. However, the conduction mechanism of resistive switching memory varies considerably depending on the material used in the dielectric layer and selection of electrodes. Among the popular observations are the Poole-Frenkel emission, Schottky emission, space-charge-limited conduction (SCLC), trap-assisted tunneling (TAT) and hopping conduction. In this article, we will conduct a survey on several published valence change resistive switching memories with a particular interest in the I-V characteristic and the corresponding conduction mechanism.},
DOI = {10.3390/electronics4030586}
}

@ARTICLE{querlioz2013,
author={D. Querlioz and O. Bichler and P. Dollfus and C. Gamrat},
journal={IEEE Transactions on Nanotechnology},
title={Immunity to Device Variations in a Spiking Neural Network With Memristive Nanodevices},
year={2013},
volume={12},
number={3},
pages={288-295},
keywords={memristors;nanoelectronics;neural nets;unsupervised learning;character recognition;coding scheme;compact multilevel nonvolatile memory function;customized spike timing dependent plasticity rule;device conductance;device variability;homeostasis capability;memristive device behavior;memristive device parameters;memristive nanodevices;neural network-based computing paradigm;relative standard dispersion;simplified spike timing dependent plasticity rule;spiking neural network;system level simulations;ultraadaptive electronic systems;unsupervised learning;virtual immunity;Memristive devices;memristors;neuromorphic;spike timing dependent plasticity (STPD);spiking neural networks;unsupervised learning},
doi={10.1109/TNANO.2013.2250995},
ISSN={1536-125X},
month={May},}

@article{chua2014,
  author={Leon Chua},
  title={If it’s pinched it’s a memristor},
  journal={Semiconductor Science and Technology},
  volume={29},
  number={10},
  pages={104001},
  url={http://stacks.iop.org/0268-1242/29/i=10/a=104001},
  year={2014},
}  

@article{deng2015,
author = {Deng, Bing and Hsu, Po-Chun and Chen, Guanchu and Chandrashekar, B. N. and Liao, Lei and Ayitimuda, Zhawulie and Wu, Jinxiong and Guo, Yunfan and Lin, Li and Zhou, Yu and Aisijiang, Mahaya and Xie, Qin and Cui, Yi and Liu, Zhongfan and Peng, Hailin},
title = {Roll-to-Roll Encapsulation of Metal Nanowires between Graphene and Plastic Substrate for High-Performance Flexible Transparent Electrodes},
journal = {Nano Letters},
volume = {15},
number = {6},
pages = {4206-4213},
year = {2015},
doi = {10.1021/acs.nanolett.5b01531},
    note ={PMID: 26020567},

URL = { 
        http://dx.doi.org/10.1021/acs.nanolett.5b01531
    
},
eprint = { 
        http://dx.doi.org/10.1021/acs.nanolett.5b01531
    
}

}

 	
@article{Torrezan2011,
  author={Antonio C Torrezan and John Paul Strachan and Gilberto Medeiros-Ribeiro and R Stanley Williams},
  title={Sub-nanosecond switching of a tantalum oxide memristor},
  journal={Nanotechnology},
  volume={22},
  number={48},
  pages={485203},
  url={http://stacks.iop.org/0957-4484/22/i=48/a=485203},
  year={2011},
  abstract={We report sub-nanosecond switching of a metal–oxide–metal memristor utilizing a broadband 20GHz experimental setup developed to observe fast switching dynamics. Set and reset operations were successfully performed in the tantalum oxide memristor using pulses with durations of 105 and 120ps, respectively. Reproducibility of the sub-nanosecond switching was also confirmed as the device switched over consecutive cycles.}
}
	
@article{yang2010,
  title={High switching endurance in TaO x memristive devices},
  author={Yang, J Joshua and Zhang, M-X and Strachan, John Paul and Miao, Feng and Pickett, Matthew D and Kelley, Ronald D and Medeiros-Ribeiro, G and Williams, R Stanley},
  journal={Applied Physics Letters},
  volume={97},
  number={23},
  pages={232102},
  year={2010},
  publisher={AIP}
}


@article{choi2013,
author = {Choi, Byung Joon and Torrezan, Antonio C. and Norris, Kate J. and Miao, Feng and Strachan, John Paul and Zhang, Min-Xian and Ohlberg, Douglas A. A. and Kobayashi, Nobuhiko P. and Yang, J. Joshua and Williams, R. Stanley},
title = {Electrical Performance and Scalability of Pt Dispersed SiO2 Nanometallic Resistance Switch},
journal = {Nano Letters},
volume = {13},
number = {7},
pages = {3213-3217},
year = {2013},
doi = {10.1021/nl401283q},
    note ={PMID: 23746124},

URL = { 
        http://dx.doi.org/10.1021/nl401283q
    
},
eprint = { 
        http://dx.doi.org/10.1021/nl401283q
    
}

}


@article{lee2011,
author = {Lee, Myoung-Jae and Lee, Chang Bum and Lee, Dongsoo and Lee, Seung Ryul and Chang, Man and Hur, Ji Hyun and Kim, Young-Bae and Kim, Chang-Jung and Seo, David H. and Seo, Sunae and Chung, U-In and Yoo, In-Kyeong and Kim, Kinam},
title = {A fast, high-endurance and scalable non-volatile memory device made from asymmetric Ta2O5−x/TaO2−x bilayer structures},
journal = { Nat Mater},
volume = {10},
issue = {8},
pages = {625-630},
year = {2011},
doi = {10.1038/nmat3070},
eprint = {http://dx.doi.org/10.1038/nmat3070}
}

@article{lee2015,
  title={Metal oxide-resistive memory using graphene-edge electrodes},
  author={Lee, Seunghyun and Sohn, Joon and Jiang, Zizhen and Chen, Hong-Yu and Wong, H-S Philip},
  journal={Nature communications},
  volume={6},
  year={2015},
  publisher={Nature Research}
}

@article{ocallaco2016,
  title={Effective medium theory for the conductivity of disordered metallic nanowire networks},
  author={O'Callaghan, Colin and da Rocha, Claudia Gomes and Manning, Hugh G and Boland, John J and Ferreira, Mauro S},
  journal={Physical Chemistry Chemical Physics},
  volume={18},
  number={39},
  pages={27564--27571},
  year={2016},
  publisher={Royal Society of Chemistry}
}


@article{nirmalraj2009,
  title={Electrical connectivity in single-walled carbon nanotube networks},
  author={Nirmalraj, Peter N and Lyons, Philip E and De, Sukanta and Coleman, Jonathan N and Boland, John J},
  journal={Nano letters},
  volume={9},
  number={11},
  pages={3890--3895},
  year={2009},
  publisher={ACS Publications}
}

@article{hecht2006,
  title={Conductivity scaling with bundle length and diameter in single walled carbon nanotube networks},
  author={Hecht, David and Hu, Liangbing and Gr{\"u}ner, George},
  journal={Applied Physics Letters},
  volume={89},
  number={13},
  pages={133112},
  year={2006},
  publisher={AIP}
}
@article{sakunta2009,
author = {De, S. and Higgins, T. M. and Lyons, P. E. and Doherty, E. M. and Nirmalraj, P. N.  and Blau, W. J. and Boland, J. J. and Coleman, J. N.},
title = {Silver Nanowire Networks as Flexible, Transparent, Conducting Films: Extremely High DC to Optical Conductivity Ratios},
journal = {ACS Nano},
volume = {3},
number = {7},
pages = {1767-1774},
year = {2009},
}

@article{sukanta2011,
author = {De,S. and Coleman,J. N.},
title = {The Effects of Percolation in Nanostructured Transparent Conductors},
journal = {MRS Bulletin},
volume = {36},
issue = {10},
month = {10},
year = {2011},
issn = {1938-1425},
pages = {774--781},
numpages = {8},
}


@article{hu2004,
author = {Hu, L. and Hecht, D. S. and Grüner, G.},
title = {Percolation in Transparent and Conducting Carbon Nanotube Networks},
journal = {Nano Letters},
volume = {4},
number = {12},
pages = {2513-2517},
year = {2004},
doi = {10.1021/nl048435y},

URL = { 
        https://doi.org/10.1021/nl048435y
    
},
eprint = { 
        https://doi.org/10.1021/nl048435y
    
}

}

@article{hicks2009,
  title={Resistivity in percolation networks of one-dimensional elements with a length distribution},
  author={Hicks, Jeremy and Behnam, Ashkan and Ural, Ant},
  journal={Physical Review E},
  volume={79},
  number={1},
  pages={012102},
  year={2009},
  publisher={APS}
}

@article{sorel2012,
  title={The dependence of the optoelectrical properties of silver nanowire networks on nanowire length and diameter},
  author={Sorel, Sophie and Lyons, Philip E and De, Sukanta and Dickerson, Janet C and Coleman, Jonathan N},
  journal={Nanotechnology},
  volume={23},
  number={18},
  pages={185201},
  year={2012},
  publisher={IOP Publishing}
}

@article{balberg1983,
  title={Critical behavior of the two-dimensional sticks system},
  author={Balberg, I and Binenbaum, N and Anderson, CH},
  journal={Physical Review Letters},
  volume={51},
  number={18},
  pages={1605},
  year={1983},
  publisher={APS}
}
@article{lee2008,
  title={Solution-processed metal nanowire mesh transparent electrodes},
  author={Lee, Jung-Yong and Connor, Stephen T and Cui, Yi and Peumans, Peter},
  journal={Nano letters},
  volume={8},
  number={2},
  pages={689--692},
  year={2008},
  publisher={ACS Publications}
}

@article{strogatz2001,
author = {S. H. Strogatz},
title  = {Exploring complex networks},
journal  = {Nature},
volume  = {410},
pages  = {268},
year  = {2001},
}

@article{braunstein2003,
  title={Optimal paths in disordered complex networks},
  author={Braunstein, Lidia A and Buldyrev, Sergey V and Cohen, Reuven and Havlin, Shlomo and Stanley, H Eugene},
  journal={Physical review letters},
  volume={91},
  number={16},
  pages={168701},
  year={2003},
  publisher={APS}
}

@article{watts1998,
  title={Collective dynamics of ‘small-world’networks},
  author={Watts, Duncan J and Strogatz, Steven H},
  journal={nature},
  volume={393},
  number={6684},
  pages={440--442},
  year={1998},
  publisher={Nature Publishing Group}
}

@ARTICLE{west2015,
   author       = "B. J. West and M. Turalska and P. Grigolini", 
   title        = "Fractional calculus ties the microscopic and macroscopic scales of complex network dynamics", 
   journal      = "New Journal of Physics", 
   year         = "2015", 
   volume       = "17", 
   pages        = "045009", 
}

@ARTICLE{yang2013,
   author       = "J. Joshua Yang and D. B. Strukov and D. R. Stewart", 
   title        = "Memristive devices for computing", 
   journal      = "Nature Nanotechnology", 
   year         = "2013", 
   volume       = "8", 
   pages        = "13", 
}

@ARTICLE{indiveri2013,
   author       = "G. Indiveri and B. Linares-Barranco and R. Legenstein and G. Deligeorgis and T. Prodromakis", 
   title        = "Integration of nanoscale memristor synapses in neuromorphic computing architectures", 
   journal      = "Nanotechnology", 
   year         = "2013", 
   volume       = "24", 
   pages        = "384010", 
}

@ARTICLE{nirmalraj2012,
   author       = "P. N. Nirmalraj and A. T. Bellew and A. P. Bell and J. A. Fairfield and E. K. McCarthy and C. J. O'Kelly and L. F. C. Pereira and S. Sorel and D. Morosan and J. N. Coleman and M. S. Ferreira and J. J. Boland", 
   title        = "Manipulating connectivity and electrical conductivity in metallic nanowire networks", 
   journal      = "Nano Letters", 
   year         = "2012", 
   volume       = "12", 
   pages        = "5966", 
}

@ARTICLE{demis2016,
   author       = "E. C. Demis and R. Aguilera and K. Scharnhorst and M. Aono and A. Z. Stieg and J. K. Gimzewski", 
   title        = "Nanoarchitectonic atomic switch networks for unconventional computing", 
   journal      = "Japanese Journal of Applied Physics", 
   year         = "2016", 
   volume       = "55", 
   pages        = "1102B2", 
}

@ARTICLE{avizienis2012,
   author       = "A. V. Avizienis and H. O. Sillin and C. Martin-Olmos and H. H. Shieh and M. Aono and A. Z. Stieg and J. K. Gimzewski", 
   title        = "Neuromorphic atomic switch networks", 
   journal      = "PLoS One", 
   year         = "2012", 
   volume       = "7", 
   pages        = "e42772", 
}

@ARTICLE{sillin2013,
   author       = "H. O. Sillin and R. Aguilera and H. -H. Shieh and A. V. Avizienis and M. Aono and A. Z. Stieg and J. K. Gimzewski", 
   title        = "A theoretical and experimental study of neuromorphic atomic switch networks for reservoir computing", 
   journal      = "Nanotechnology", 
   year         = "2013", 
   volume       = "24", 
   pages        = "384004", 
}

@ARTICLE{chua1971,
   author       = "L. Chua", 
   title        = "Memristor-The missing circuit element", 
   journal      = "IEEE Trans. Circuit Theory", 
   year         = "1971", 
   volume       = "18", 
   pages        = "507", 
}

@BOOK{memristors2014,
   editor = "Ronald Tetzlaff",
   author = "",
   title = "Memristors and memristive systems",
   volume = "",
   series = "",
   publisher = "Springer-Verlag New York",
   address = "",
   edition = "",
   month = "",
   year = "2014",
   note = "",
}

@ARTICLE{kelly2016,
   author       = "C. J. O'Kelly and J. A. Fairfield and D. McCloskey and H. G. Manning and J. F. Donegan and J. J. Boland", 
   title        = "Associative enhancement of time correlated response to heterogeneous stimuli in a neuromorphic nanowire device", 
   journal      = "Advanced Electronic Materials", 
   year         = "2016", 
   volume       = "2", 
   pages        = "1500458", 
}

@ARTICLE{jo2010,
   author       = "S. H. Jo and T. Chang and I. Ebong and B. B. Bhadviya and P. Mazumder and W. Lu", 
   title        = "Nanoscale memristor device as synapse in neuromorphic systems", 
   journal      = "Nano Letters", 
   year         = "2010", 
   volume       = "10", 
   pages        = "1297", 
}

@ARTICLE{lim2015,
   author       = "E. W. Lim and R. Ismail", 
   title        = "Conduction mechanism of valence change resistive switching memory: a survey", 
   journal      = "Electronics", 
   year         = "2015", 
   volume       = "4", 
   pages        = "586", 
}

@ARTICLE{jeong2012,
   author       = "D. S. Jeong and R. Thomas and R. Katiyar and J. Scott and H. Kohlstedt and A. Petraru and C. S. Hwang", 
   title        = "Emerging memories: resistive switching mechanisms and current status", 
   journal      = "Reports on Progress in Physics", 
   year         = "2012", 
   volume       = "75", 
   pages        = "076502", 
}

@ARTICLE{celano2016,
   author       = "U. Celano and G. Giammaria and L. Goux and A. Belmonte and M. Jurczak and W. Vandervorst", 
   title        = "Nanoscopic structural rearrangements of the Cu-filament in conductive-bridge memories", 
   journal      = "Nanoscale", 
   year         = "2016", 
   volume       = "8", 
   pages        = "13915", 
}

@MISC{scaling2017, 
   author       = "H. G. Manning and F. Niosi and C. G. Rocha and C. O'Callaghan and A. T. Bellew and S. Biswas and P. Flowers and B. J. Wiley and J. T. Holmes and M. S. Ferreira and J. J. Boland", 
   title        = "Emergence of Winner-takes-all Connectivity Paths in Random Nanowire Networks", 
   howpublished = "e-print arXiv:cond-mat/1804.10117", 
   month        = "", 
   year         = "2018", 
   note         = "",
}

@ARTICLE{gemmill2004,
   author       = "Z. Gemmill and L. Durbha and S. Jacobson and G. Gao and K. Weaver", 
   title        = "SEM and FIB Passive Voltage Contrast", 
   journal      = "Microelectronic Failure Analysis Desk Reference, 5th edn.", 
   year         = "2004", 
   volume       = "8", 
   pages        = "431-437", 
}

@ARTICLE{fairfield2016,
   author       = "J. A. Fairfield and C. G. Rocha and C. O'Callaghan and M. S. Ferreira and J. J. Boland", 
   title        = "Co-percolation to tune conductive behaviour in dynamical metallic nanowire networks", 
   journal      = "Nanoscale", 
   year         = "2016", 
   volume       = "8", 
   pages        = "18516", 
}

@ARTICLE{rocha2015,
   author       = "C. G. Rocha and H. G. Manning and C. O'Callaghan and C. Ritter and A. T. Bellew and J. J. Boland and M. S. Ferreira", 
   title        = "Ultimate conductivity performance in metallic nanowire networks", 
   journal      = "Nanoscale", 
   year         = "2015", 
   volume       = "7", 
   pages        = "13011", 
}

@ARTICLE{snider2007,
   author       = "G. S. Snider", 
   title        = "Self-organized computation with unreliable, memristive nanodevices", 
   journal      = "Nanotechnology", 
   year         = "2007", 
   volume       = "18", 
   pages        = "365202", 
}

@ARTICLE{bellew2015,
   author       = "A. T. Bellew and H. G. Manning and C. G. Rocha and M. S. Ferreira and J. J. Boland", 
   title        = "Resistance of single Ag nanowire junctions and their role in the conductivity of nanowire networks", 
   journal      = "ACS Nano", 
   year         = "2015", 
   volume       = "9", 
   pages        = "11422", 
}

@ARTICLE{liang2014,
   author       = "J. Liang and L. Li and K. Tong and Z. Ren and W. Hu and X. Niu and Y. Chen and Q. Pei", 
   title        = "Silver nanowire percolation network Soldered with graphene oxide at room temperature and its application for fully stretchable polymer light-emitting diodes", 
   journal      = "ACS Nano", 
   year         = "2014", 
   volume       = "8", 
   pages        = "1590", 
}

@ARTICLE{bergin2012,
   author       = "S. M. Bergin and Y. -H. Chen and A. R. Rathmell and P. Charbonneau and Z. -Y. Li and B. J. Wiley", 
   title        = "The effect of nanowire length and diameter on the properties of transparent, conducting nanowire films", 
   journal      = "Nanoscale", 
   year         = "2012", 
   volume       = "4", 
   pages        = "1996", 
}

@ARTICLE{langley2013,
   author       = "D. Langley and G. Giusti and C. Mayousse and C. Celle and D. Bellet and J. -P. Simonato", 
   title        = "Flexible transparent conductive materials based on silver nanowire networks: a review", 
   journal      = "Nanotechnology", 
   year         = "2013", 
   volume       = "24", 
   pages        = "452001", 
}

@ARTICLE{dechan2015,
   author       = "D. Angmo and T. R. Andersen and J. J. Bentzen and M. Helgesen and R. R. S$\phi$ndergaard and M. J$\phi$rgensen and J. E. Carl\'{e} and E. Bundgaard and F. C. Krebs", 
   title        = "Roll-to-Roll printed silver nanowire semitransparent electrodes for fully ambient solution-processed tandem polymer solar cells", 
   journal      = "Advanced Functional Materials", 
   year         = "2015", 
   volume       = "25", 
   pages        = "4539", 
}

@ARTICLE{kim2013,
   author       = "A. Kim and Y. Won and K. Woo and C. -H. Kim and J. Moon", 
   title        = "Highly transparent low resistance ZnO/Ag Nanowire/ZnO composite electrode for thin film solar cells", 
   journal      = "ACS Nano", 
   year         = "2013", 
   volume       = "7", 
   pages        = "1081", 
}

@ARTICLE{choi2008,
   author       = "Y. -J. Choi and I. -S. Hwang and J. G. Park and K. J. Choi and J. -H. Park and J. -H. Lee", 
   title        = "Novel fabrication of an SnO$_2$ nanowire gas sensor with high sensitivity", 
   journal      = "Nanotechnology", 
   year         = "2008", 
   volume       = "19", 
   pages        = "095508", 
}

@ARTICLE{datta2014,
   author       = "N. Datta and N. S. Ramgir and S. Kumar and P. Veerender and M. Kaur and S. Kailasaganapathi and A. K. Debnath and D. K. Aswal and S. K. Gupta", 
   title        = "Role of various interfaces of CuO$/$ZnO random nanowire networks in H$_2$S sensing: an impedance and Kelvin probe analysis", 
   journal      = "Sensors and Actuators B: Chemical", 
   year         = "2014", 
   volume       = "202", 
   pages        = "1270", 
}

@ARTICLE{song2013,
   author       = "M. Song and D. S. You and K. Lim and S. Park and S. Jung and C. S. Kim and D. -H. Kim and D. -G. Kim and J. -K. Kim and J. Park and Y. -C. Kang and J. Heo and S. -H. Jin and J. H. Park and J. -W. Kang", 
   title        = "Highly efficient and bendable organic solar cells with solution-processed silver nanowire electrodes", 
   journal      = "Advanced Functional Materials", 
   year         = "2013", 
   volume       = "23", 
   pages        = "4177", 
}

@ARTICLE{groep2012,
   author       = "J. van de Groep and P. Spinelli and A. Polman", 
   title        = "Transparent conducting silver nanowire networks", 
   journal      = "Nano Letters", 
   year         = "2012", 
   volume       = "12", 
   pages        = "3138", 
}

@ARTICLE{liangbing2010,
   author       = "L. Hu and H. S. Kim and J. -Y. Lee and P. Peumans and Y. Cui", 
   title        = "Scalable coating and properties of transparent, flexible, silver nanowire electrodes", 
   journal      = "ACS Nano", 
   year         = "2010", 
   volume       = "4", 
   pages        = "2955", 
}

@ARTICLE{hwang2014,
   author       = "B. Hwang and H. -A. -S. Shin and T. Kim and Y. -C. Joo and S. M. Han", 
   title        = "Highly reliable Ag nanowire flexible transparent electrode with mechanically welded junctions", 
   journal      = "Small", 
   year         = "2014", 
   volume       = "10", 
   pages        = "3397", 
}

@ARTICLE{madaria2010,
   author       = "A. R. Madaria and A. Kumar and F. N. Ishikawa and C. Zhou", 
   title        = "Uniform, highly conductive, and patterned transparent films of a percolating silver nanowire network on rigid and flexible substrates using a dry transfer technique", 
   journal      = "Nano Research", 
   year         = "2010", 
   volume       = "3", 
   pages        = "564", 
}

@ARTICLE{ye2014,
   author       = "S. Ye and A. R. Rathmell and Z. Chen and I. E. Stewart and B. J. Wiley", 
   title        = "Metal nanowire networks: the next generation of transparent conductors", 
   journal      = "Advanced Materials", 
   year         = "2014", 
   volume       = "26", 
   pages        = "6670", 
}

@ARTICLE{park2015,
   author       = "H. -G. Park and G. -S. Heo and S. -G. Park and H. -C. Jeong and J. H. Lee and D. -S. Seo", 
   title        = "Silver nanowire networks as transparent conducting films for liquid crystal displays", 
   journal      = "ECS Solid State Letters", 
   year         = "2015", 
   volume       = "4", 
   pages        = "R50", 
}

@ARTICLE{miller2013,
   author       = "M. S. Miller and J. C. O'Kane and A. Niec and R. S. Carmichael and T. B. Carmichael", 
   title        = "Silver nanowire/optical adhesive coatings as transparent electrodes for flexible electronics", 
   journal      = "ACS Applied Materials \& Interfaces", 
   year         = "2013", 
   volume       = "5", 
   pages        = "10165", 
}

@ARTICLE{cserti2000,
   author       = "J. Cserti", 
   title        = "Application of the lattice Green's function for calculating the resistance of an infinite network of resistors", 
   journal      = "Am. J. Phys.", 
   year         = "2000", 
   volume       = "68", 
   pages        = "896", 
}

@ARTICLE{kirkpatrick1973,
   author       = "S. Kirkpatrick", 
   title        = "Percolation and conduction", 
   journal      = "Rev. Mod. Phys.", 
   year         = "1973", 
   volume       = "45", 
   pages        = "574", 
}

@ARTICLE{pike1974,
   author       = "G. E. Pike and C. H. Seager", 
   title        = "Percolation and conductivity: a computer study. I", 
   journal      = "Physical Review B", 
   year         = "1974", 
   volume       = "10", 
   pages        = "1421", 
}

@ARTICLE{kumar2016,
   author       = "A. Kumar and G. U. Kulkarni", 
   title        = "Evaluating conducting network based transparent electrodes from geometrical considerations", 
   journal      = "Journal of Applied Physics", 
   year         = "2016", 
   volume       = "119", 
   pages        = "015102", 
}

@ARTICLE{heitz2011,
   author       = "J. Heitz and Y. Leroy and L. H\'ebrard and C. Lallement", 
   title        = "Theoretical characterization of the topology of connected carbon nanotubes in random networks", 
   journal      = "Nanotechnology", 
   year         = "2011", 
   volume       = "22", 
   pages        = "345703", 
}

@ARTICLE{mutiso2013,
   author       = "R. M. Mutiso and M. C. Sherrott and A. R. Rathmell and B. J. Wiley and K. I. Winey", 
   title        = "Integrating simulations and experiments to predict sheet resistance and optical transmittance in nanowire films for transparent conductors", 
   journal      = "ACS Nano", 
   year         = "2013", 
   volume       = "7", 
   pages        = "7654", 
}

@ARTICLE{curtis-memory,
   author       = "C. J. O'Kelly and J. A. Fairfield and J. J. Boland", 
   title        = "A single nanoscale junction with programmable multilevel memory", 
   journal      = "ACS Nano", 
   year         = "2014", 
   volume       = "8", 
   pages        = "11724", 
}

@ARTICLE{dokholyan1999,
   author       = "N. V. Dokholyan and S. V. Buldyrev and S. Havlin and P. R. King and Y. Lee and H. E. Stanley", 
   title        = "Distribution of shortest paths in percolation", 
   journal      = "Physica A: Statistical Mechanics and its Applications", 
   year         = "1999", 
   volume       = "266", 
   pages        = "55", 
}

@book{pingsheng,
   title 		= "Scattering and localization of classical waves in random media",
   author 		= "P. Sheng",
   publisher	= "World Scientific",
   year 		= "1990",
}

@book{graph_book,
   title 		= "An introduction to grids, graphs and networks",
   author 		= "C. Pozrikidis",
   publisher	= "Oxford University Press",
   year 		= "2014",
}

@book{economou1984,
   title 		= "Green's functions in quantum physics",
   author 		= "E. N. Economou",
   volume 		= "3",
   year 		= "1984",
   publisher 	= "Springer",
}

@ARTICLE{ocallaghan2016,
   author       = "C. O'Callaghan and C. G. Rocha and H. G. Manning and J. J. Boland and M. S. Ferreira", 
   title        = "Effective medium theory for the conductivity of disordered metallic nanowire networks", 
   journal      = "Physical Chemistry Chemical Physics", 
   year         = "2016", 
   volume       = "18", 
   pages        = "27564", 
}

@ARTICLE{pietronero1994,
   author       = "L. Pietronero and A. Vespignani and S. Zapperi", 
   title        = "Renormalization scheme for self-organized criticality in sandpile models", 
   journal      = "Physical Review Letters", 
   year         = "1994", 
   volume       = "72", 
   pages        = "1690", 
}

@ARTICLE{priezzhev1996,
   author       = "V. B. Priezzhev and D. V. Ktitarev and E. V. Ivashkevich", 
   title        = "Formation of avalanches and critical exponents in an Abelian sandpile model", 
   journal      = "Physical Review Letters", 
   year         = "1996", 
   volume       = "76", 
   pages        = "2093", 
}

@ARTICLE{manning2017,
   author       = "H. G. Manning and S. Biswas and J. D. Holmes and J. J. Boland", 
   title        = "Nonpolar resistive switching in Ag@TiO$_2$ core–shell nanowires", 
   journal      = "ACS Applied Materials \& Interfaces", 
   year         = "2017", 
   volume       = "9", 
   pages        = "38959", 
}

@ARTICLE{menzel2017,
  title= "Comprehensive modeling of electrochemical metallization memory cells",
  author= "Menzel, Stephan",
  journal= "Journal of Computational Electronics",
  volume= "16",
  number= "4",
  pages="1017-1037",
  year="2017",

}

@ARTICLE{menzel2015,
   author       = "S. Menzel and U. B{\"o}ttger and M. Wimmer and M. Salinga", 
   title        = "Physics of the switching kinetics in resistive memories", 
   journal      = "Adv. Funct. Mater.", 
   year         = "2015", 
   volume       = "25", 
   pages        = "6303", 
}

@ARTICLE{menzel2013,
   author       = "S. Menzel and R. Waser", 
   title        = "Analytical analysis of the generic SET and RESET characteristics of electrochemical metallization memory cells", 
   journal      = "Nanoscale", 
   year         = "2013", 
   volume       = "5", 
   pages        = "11003", 
}

@ARTICLE{chae2008,
  title={Random circuit breaker network model for unipolar resistance switching},
  author={Chae, Seung Chul and Lee, Jae Sung and Kim, Sejin and Lee, Shin Buhm and Chang, Seo Hyoung and Liu, Chunli and Kahng, Byungnam and Shin, Hyunjung and Kim, Dong-Wook and Jung, Chang Uk and Seo, Sunae and Lee, Myoung‐Jae and Noh, Tae Won},
  journal={Advanced Materials},
  volume={20},
  number={6},
  pages={1154-1159},
  year={2008}
}


@article{strukov2008,
  title={The missing memristor found},
  author={Strukov, Dmitri B and Snider, Gregory S and Stewart, Duncan R and Williams, R Stanley},
  journal={Nature},
  volume={453},
  number={7191},
  pages={80},
  year={2008},
}

@ARTICLE{hartmann2017,
   author       = "F. Hartmann and P. Maier and M. Rebello Sousa Dias and S. G{\"o}pfert and L. K. Castelano and M. Emmerling and C. Schneider and S. H{\"o}fling and M. Kamp and Y. V. Pershin and G. E. Marques and V. Lopez-Richard and L. Worschech", 
   title        = "Nanoscale tipping bucket effect in a quantum dot transistor-based counter", 
   journal      = "Nano Letters", 
   year         = "2017", 
   volume       = "17", 
   pages        = "2273", 
}

@ARTICLE{maier2016,
   author       = "P. Maier and F. Hartmann and M. Rebello Sousa Dias and M. Emmerling and C. Schneider and L. K. Castelano and M. Kamp and G. E. Marques and V. Lopez-Richard and L. Worschech and S. Hofling", 
   title        = "Mimicking of pulse shape-dependent learning rules with a quantum dot memristor", 
   journal      = "Journal of Applied Physics", 
   year         = "2016", 
   volume       = "120", 
   pages        = "134503", 
}

@ARTICLE{wakrim2016,
   author       = "T. Wakrim and C. Vall{\'e}e and P. Gonon and C. Mannequin and A. Sylvestre", 
   title        = "From MEMRISTOR to MEMImpedance device", 
   journal      = "Appl. Phys. Lett.", 
   year         = "2016", 
   volume       = "108", 
   pages        = "053502", 
}

@ARTICLE{liu2006,
   author       = "Shangqing Liu and Naijuan Wua and Alex Ignatiev and Jianren Li", 
   title        = "Electric-pulse-induced capacitance change effect in perovskite oxide thin films", 
   journal      = "Journal of Applied Physics", 
   year         = "2006", 
   volume       = "100", 
   pages        = "056101", 
}

